2404 3704
689 245 931 303 PUBLI
944 246 1043 304 US
1087 246 1558 306 TERENTIUS
1605 247 1821 303 AFER

138 366 341 422 Demea
393 386 570 433 quam
602 367 679 421 ob
708 386 836 421 rem
860 367 881 421 ?

138 460 301 531 Syrus

139 557 344 614 Demea

138 735 303 805 Syrus

142 1087 352 1142 Demea

142 1190 311 1259 Syrus

147 1291 353 1346 Demea

142 1391 184 1446 S
182 1410 314 1460 gyrus

146 1577 356 1632 Demea

146 1845 315 1914 Syrus

151 1946 358 2002 Demea

147 2048 318 2117 Syrus

149 2151 359 2206 Demea

146 2252 317 2320 Syrus

148 2354 358 2408 Demea

147 2455 317 2524 Syrus

153 2639 359 2694 Demea

155 2740 318 2808 Syrus

153 2841 360 2896 Demea

150 2944 319 3012 Syrus

631 480 730 517 me
761 461 1065 531 inpulsore
1090 461 1245 517 hanc
1271 470 1538 532 emptam
1564 482 1692 518 esse
1716 466 1816 519 ait.

1245 578 1366 612 non
1392 565 1459 614 tu
1486 577 1624 613 eum
1649 577 1747 613 rus
1771 557 1913 613 hine
1935 556 2115 612 modo

396 639 664 710 produxe
695 641 856 695 aibas
879 641 900 694 ?

888 735 1151 802 factum3
1183 757 1389 791 verum
1414 740 1581 791 venit
1612 744 1746 805 post
1776 739 2078 790 insaniens
2103 753 2115 789 :

400 818 485 873 nil
507 822 793 888 pepercit.
844 839 966 874 non
987 819 1270 888 puduisse
1292 821 1605 874 verberare
1626 819 1931 874 hominem
1955 837 2160 873 senem
2179 825 2188 845 '

399 922 475 971 qu
499 922 595 958 em
627 922 740 969 ego
771 902 948 957 modo
977 922 1230 971 puerum
1261 903 1568 958 tantillum
1603 907 1666 957 in
1701 903 1974 957 manibus
2013 919 2118 969 ge·

485 989 636 1041 Stavi
667 990 830 1040 meis,

406 1086 620 1142 laudo:
653 1086 961 1155 Ctesipho,
993 1071 1271 1156 patrissas
1297 1106 1308 1141 :
1339 1087 1456 1155 abi,
1488 1090 1679 1141 virum
1710 1093 1772 1141 te
1804 1084 2015 1141 iudico.

404 1188 647 1243 laudas?
678 1207 755 1242 ne
787 1187 888 1243 ille
921 1188 1260 1242 continebit
1284 1186 1553 1256 posthae,
1579 1190 1623 1242 si
1650 1190 1862 1255 sapiet,
1892 1205 2118 1241 manus.

405 1288 658 1344 fortiter.

482 1393 934 1459 perquam,quia
957 1393 1234 1445 miseram
1260 1388 1575 1444 mulierem
1600 1395 1664 1443 et
1686 1407 1782 1442 me
1808 1386 2124 1454 servolum,

407 1477 509 1542 qui
539 1473 785 1528 referire
817 1493 938 1527 non
969 1473 1287 1540 audebam,
1319 1476 1490 1527 vicit:
1523 1471 1646 1539 hui,
1680 1470 2040 1540 perfortiter.

407 1595 527 1629 non
560 1577 760 1643 potuit
789 1573 1019 1628 melius.
1113 1572 1272 1628 idem
1305 1572 1465 1641 quod
1503 1591 1618 1640 ego
1654 1574 1842 1627 sentit
1884 1578 1947 1626 te
1994 1589 2123 1626 esse

491 1657 630 1712 huic
661 1660 746 1712 rei
777 1664 972 1726 caput.

409 1741 515 1797 sed
547 1748 720 1796 estne
753 1739 938 1795 frater
969 1740 1168 1795 intus?

1066 1861 1187 1896 non
1219 1848 1326 1896 est.

1240 1942 1343 1997 ubi
1374 1941 1544 1996 illum
1575 1943 1875 1996 inveniam
1907 1942 2120 2008 cogito.

412 2049 532 2102 scio
556 2046 658 2101 ubi
683 2048 781 2114 sit,
805 2063 1013 2100 verum
1038 2042 1218 2098 hodie
1244 2062 1570 2111 numquam
1597 2041 1957 2096 monstrabO.

1611 2142 1752 2198 hem
1777 2141 1919 2212 quid
1946 2141 2068 2197 ais?

2024 2245 2123 2296 ita.

417 2351 846 2406 dimminuetur
876 2348 984 2403 tibi
1019 2346 1264 2415 quidem
1295 2349 1413 2400 iam
1445 2344 1772 2400 cerebrum.

1580 2453 1643 2500 at
1672 2464 1893 2499 nomen
1927 2447 2127 2498 nescio

412 2535 568 2591 illius
599 2534 876 2601 hominis,
908 2532 1013 2588 sed
1047 2531 1240 2586 locum
1275 2533 1409 2584 novi
1442 2529 1544 2584 ubi
1575 2532 1667 2584 sit.

1609 2627 1705 2683 dic
1737 2646 1880 2695 ergo
1910 2625 2121 2681 locum.

410 2741 611 2793 nostin
634 2738 931 2806 porticum
956 2731 1117 2802 apud
1141 2729 1460 2785 macellum
1483 2727 1596 2784 hac
1620 2726 1935 2783 deorsum?

1551 2829 1696 2899 quid
1726 2831 1790 2883 ni
1820 2826 2125 2883 noverim?

421 2942 749 3011 praeterito
780 2935 892 2992 hac
916 2943 1080 2991 recta
1107 2933 1306 3003 platea
1330 2950 1562 2988 sursum
1586 2949 1599 2985 ε
1643 2929 1744 2984 ubi
1779 2947 1850 2983 eo
1873 2947 1984 2982 ven
1995 2931 2127 2994 eriS,

414 3023 608 3080 Clivos
655 3021 935 3077 deorsum
981 3036 1220 3073 vorsum
1266 3022 1397 3073 est:
1440 3013 1553 3070 hac
1604 3020 1668 3069 te
1717 3015 2122 3081 praecipitato.

495 3113 705 3176 postea

412 3187 531 3251 276

2201 363 2318 423 560

2217 2042 2333 2098 570
