2430 3710
693 243 1050 301 PUBLIUS
1094 243 1565 302 TERENTIUS
1610 245 1826 301 AFER

143 364 217 421 11.
243 369 299 420 iv

138 450 186 504 A
194 470 263 504 es,
403 448 583 505 Ubist
610 448 713 504 ille
745 448 1111 516 sacrilegus?

143 544 346 601 Smmio
714 563 812 599 me
837 550 1086 612 quaerit.
1154 564 1297 599 num
1325 545 1611 613 quidnam
1637 544 1864 601 ecfert?
1897 546 2118 602 occidi:

406 628 490 682 nil
516 627 705 683 vide0.

142 713 190 767 A
199 733 267 767 es.
464 710 642 766 ehem
662 718 1030 780 opportune:
1053 717 1116 766 te
1137 714 1331 780 ipsum
1344 730 1594 780 quaero:
1615 711 1758 779 quid
1782 711 1864 780 fit,
1879 710 2202 780 Ctesipho?

407 798 470 848 in
493 801 687 849 tutost
709 797 901 849 omnis
925 813 1018 849 res
1042 813 1055 849 :
1100 797 1314 849 omitte
1338 814 1479 849 vero
1501 798 1809 850 tristitiem
1833 802 2015 850 tuam.

147 884 257 940 Cle.
410 903 523 952 ego
546 883 711 937 illam
735 882 937 938 hercle
960 901 1099 937 vero
1122 886 1356 951 omittO,
1379 886 1479 951 qui
1505 882 1750 951 quidem
1780 890 1843 937 te
1868 881 2120 937 habeam

494 966 742 1022 fratrem
767 986 779 1020 ε
824 986 859 1020 o
888 969 970 1020 mi
998 965 1321 1035 Aeschine,

411 1069 447 1105 o
481 1054 565 1105 mi
599 1050 923 1118 germane!
970 1048 1067 1118 ah,
1099 1069 1308 1104 vereor
1345 1068 1542 1103 coram
1579 1052 1642 1103 in
1678 1068 1742 1104 os
1779 1055 1843 1103 te
1879 1047 2123 1103 laudare

492 1133 767 1203 amplius,

412 1237 490 1273 ne
526 1217 589 1273 id
624 1216 985 1272 adsentandi
1021 1219 1211 1284 magis
1243 1235 1420 1284 quam
1454 1235 1571 1283 quo
1604 1214 1854 1269 habeam
1887 1221 2126 1283 gratum
2215 1217 2331 1272 270

496 1300 694 1355 facere
725 1304 1068 1355 existumes.

150 1399 273 1455 Aes,
411 1416 523 1467 age
553 1401 784 1465 inepte,
815 1398 983 1464 quasi
1012 1413 1173 1449 nunc
1204 1413 1326 1449 non
1358 1397 1621 1449 norimus
1652 1412 1759 1448 nos
1802 1396 1961 1448 inter
2000 1411 2129 1460 nOS,

499 1478 802 1549 Ctesipho·

416 1564 528 1619 hoc
558 1562 707 1618 mihi
736 1562 926 1631 dolet,
955 1581 1063 1617 nos
1094 1580 1225 1616 sero
1257 1563 1502 1615 rescisse
1549 1566 1613 1614 et
1656 1579 1782 1614 rem
1830 1578 2020 1627 paene
2066 1561 2126 1612 in

499 1667 639 1703 eum
665 1646 865 1701 locum

415 1731 662 1799 redisse,
691 1737 762 1785 ut
791 1732 839 1785 si
870 1747 1078 1784 omnes
1108 1733 1402 1796 cuperent
1432 1727 1543 1780 tibi
1574 1725 1658 1780 nil
1690 1732 1936 1795 possent
1963 1728 2126 1780 auxi-

497 1814 713 1871 liarier.

154 1913 261 1969 Cte.
418 1910 701 1982 pudebat.

151 2009 198 2063 A
206 2028 276 2064 es,
575 2004 673 2074 ah,
693 2004 1010 2061 stultitiast
1028 2007 1234 2071 istaec,
1254 2021 1376 2056 non
1397 2001 1603 2070 pudor.
1653 2008 1778 2055 tam
1799 2000 1874 2054 ob
1895 1997 2195 2068 parvolam

416 2109 545 2145 rem
575 2107 767 2158 paene
801 2107 832 2142 e
865 2087 1085 2156 patria!
1128 2094 1305 2155 turpe
1338 2085 1520 2140 dictu,
1611 2083 1755 2139 deos
1800 2101 2020 2151 quaeso
2064 2088 2134 2137 ut

499 2177 684 2228 istaec
715 2170 1090 2241 prohibeant.

154 2270 263 2327 Cte.
400 2271 659 2339 peccavi.

154 2367 198 2421 A
207 2387 276 2422 ex.
659 2362 805 2432 quid
835 2365 920 2417 ait
949 2360 1200 2416 tandem
1230 2359 1401 2415 nobis
1434 2357 1698 2416 Sannio?

151 2463 322 2532 Syrus
1677 2457 1794 2507 iam
1822 2454 1986 2507 mitis
2016 2457 2123 2507 est.

156 2557 277 2613 Aes.
414 2575 529 2626 ego
564 2554 641 2611 ad
680 2553 874 2610 forum
915 2553 1034 2621 ibo,
1075 2559 1144 2607 ut
1184 2551 1345 2606 hunc
1385 2548 1718 2614 absolvam;
1762 2555 1827 2603 tu
1860 2551 2019 2602 intro
2053 2545 2130 2602 ad

501 2639 684 2707 illam,
716 2635 1018 2706 Ctesipho.

160 2739 358 2794 Sammo
418 2736 587 2805 Syre,
617 2739 788 2790 insta.

153 2833 323 2903 Syrus
657 2846 891 2895 eamus;
920 2845 1182 2896 namque
1212 2825 1310 2881 hic
1341 2830 1623 2895 properat
1651 2826 1715 2878 in
1746 2822 2021 2891 Cyprum.

151 2927 358 2985 Sannio
1557 2937 1680 2973 non
1708 2925 1835 2973 tam
1866 2916 2131 2986 quidem,

417 3029 597 3080 quam
625 3011 744 3065 vis:
775 3010 960 3063 etiam
987 3023 1204 3061 maneo
1234 3007 1458 3059 otiosus
1486 3001 1600 3057 hic.

151 3109 322 3179 Syrus
1501 3095 1821 3153 reddetur:
1852 3114 1930 3150 ne
1960 3098 2124 3150 time.

419 3208 538 3259 244
