2352 3724
108 406 238 462 Par.

113 490 262 545 Pam.

110 573 239 628 Par.

110 657 262 711 Pam.

113 823 241 878 Par.

116 991 267 1046 Pam.

114 1074 245 1129 Par.

116 1157 266 1213 Pam.

117 1240 244 1296 Par.

117 1324 266 1379 Pam.

118 1407 245 1463 Par.

120 1491 269 1546 Pam.

124 1993 251 2047 Par.

131 2784 238 2878 ui.
264 2826 302 2877 ii

665 204 705 258 P
717 204 1018 262 UBLIUS
1062 204 1335 261 TEREN
1342 205 1424 261 TI
1435 206 1532 264 Us
1578 206 1794 262 AFER

368 324 568 380 nullus
598 344 744 379 sum.

578 407 828 477 quidum
854 408 876 462 ?

768 495 934 561 perii.

867 594 1046 643 quam
1077 575 1154 630 ob
1183 575 1358 631 rem?

1126 663 1328 713 nescio
1358 658 1517 728 quod
1549 680 1834 728 magnum
1864 660 2086 716 malum

374 738 663 810 profectO,
698 739 1009 810 ParmenO,
1039 761 1138 797 me
1169 742 1341 797 celas.

1328 844 1574 880 uxorem
1609 825 2022 882 Philumenam

377 911 640 976 pavitare
664 910 866 962 nescio
890 907 1034 976 quid
1059 907 1343 963 dixerunt
1367 927 1379 962 :
1410 908 1473 964 id
1496 913 1544 964 si
1567 908 1723 965 forte
1749 916 1842 965 est
1865 914 2080 965 nescio.

378 994 581 1046 interii
598 1009 612 1057 ;
657 1009 807 1059 quor
835 990 898 1046 id
927 990 1077 1045 mihi
1107 1010 1229 1045 non
1261 991 1451 1046 dixti?

1095 1077 1234 1143 quia
1263 1094 1386 1129 non
1418 1081 1690 1143 poteram
1719 1094 1839 1130 una
1869 1078 2081 1130 omnia.

376 1156 522 1226 quid
551 1157 744 1211 morbi
776 1157 907 1211 est?

750 1243 968 1295 nescio,

856 1322 1039 1392 quid?
1085 1342 1308 1378 nemon
1339 1323 1641 1379 medicum
1673 1322 1962 1378 adduxit?

1869 1410 2084 1462 nesciO.

379 1509 544 1546 cesso
573 1488 716 1545 hinc
746 1492 833 1544 ire
864 1492 1043 1557 intrO,
1069 1496 1139 1544 ut
1170 1488 1281 1544 hoc
1307 1509 1484 1558 quam
1510 1492 1768 1558 primum
1794 1489 2086 1557 quidquid

464 1580 558 1628 est
588 1580 754 1628 certo
786 1573 1003 1627 sciam?

379 1676 638 1726 quonam
673 1656 871 1723 modO,
908 1655 1263 1711 Philumena
1298 1674 1452 1724 mea,
1490 1674 1651 1710 nunc
1688 1661 1750 1710 te
1789 1654 2086 1709 offendam

462 1738 764 1795 adfectam
786 1740 806 1793 ?

383 1843 521 1878 narn
552 1826 599 1877 si
629 1822 921 1892 periclum
951 1821 1143 1877 ullum
1172 1824 1235 1877 in
1265 1827 1330 1878 te
1366 1824 1545 1890 inest,
1577 1824 1800 1890 perisse
1839 1840 1933 1875 me
1976 1839 2090 1875 una

466 1906 626 1961 haud
657 1906 1071 1960 dubiumst.—

381 2009 502 2044 non
532 2008 672 2045 usus
701 1988 922 2044 factost
950 1987 1098 2042 mihi
1129 2007 1289 2043 nunc
1321 1986 1482 2041 hunc
1513 1990 1671 2041 intro
1702 1990 1900 2055 sequi3

384 2093 523 2127 nam
553 2076 771 2127 invisos
802 2076 995 2126 omnis
1025 2090 1133 2126 nos
1164 2090 1293 2125 esse
1325 2069 1441 2124 illis
1473 2074 1698 2124 sentio:

385 2155 513 2211 heri
544 2174 723 2210 nemo
755 2154 943 2209 voluit
973 2152 1302 2210 Sostratam
1334 2157 1492 2207 intro
1523 2153 1863 2209 admittere.

385 2243 432 2294 si
463 2238 619 2293 forte
651 2238 892 2292 morbus
922 2237 1174 2306 amplior
1203 2236 1396 2291 factus
1428 2240 1542 2290 siet

385 2309 574 2390 (quod
605 2341 746 2376 sane
778 2320 983 2388 nolim,
1007 2323 1128 2375 mei
1159 2323 1245 2375 eri
1276 2338 1450 2374 causa
1479 2306 1804 2385 maxume),

386 2424 619 2461 servom
649 2404 786 2459 ilico
817 2408 977 2458 intro
1006 2406 1143 2458 iisse
1174 2401 1382 2457 dicent
1413 2401 1736 2468 Sostratae,

385 2487 612 2556 aliquid
643 2486 852 2542 tulisse
883 2489 1413 2541 comminiscentur
1445 2483 1583 2538 mali

388 2574 569 2640 capiti
599 2577 782 2639 atque
812 2572 999 2625 aetati
1029 2568 1286 2636 illorum,
1316 2568 1558 2622 morbus
1590 2569 1691 2635 qui
1721 2572 1931 2620 auctus
1961 2567 2070 2621 sitt

389 2674 488 2710 era
518 2658 581 2708 in
612 2657 839 2708 crimen
869 2655 1094 2719 veniet,
1127 2670 1241 2719 ego
1271 2669 1412 2705 vero
1444 2653 1502 2703 in
1537 2668 1822 2716 magnum
1852 2648 2092 2702 malum.

390 2738 606 2792 Nescio
626 2736 772 2805 quid
791 2739 908 2790 iam
928 2734 1158 2790 dudum
1177 2733 1355 2788 audio
1376 2732 1472 2787 hic
1492 2730 1846 2787 tumultuari
1866 2735 2080 2785 misera

399 2820 555 2875 male
584 2826 792 2875 metuo
815 2837 894 2873 ne
921 2817 1312 2872 Philumenae
1336 2818 1526 2883 magis
1548 2814 1789 2869 morbus
1811 2813 2096 2881 adgrave-

472 2910 630 2958 scat:

390 2986 550 3055 quod
571 2993 653 3054 te,
675 2982 1016 3052 Aesculapi,
1039 2989 1102 3038 et
1120 2989 1204 3051 te,
1226 2979 1415 3046 SaluS‚
1437 2999 1514 3034 ne
1535 2978 1678 3047 quid
1701 2982 1778 3033 sit
1796 2977 1971 3032 huius
1992 2995 2095 3031 oro

397 3150 510 3210 156

2182 2238 2298 2289 330
