2352 3724
621 220 976 279 PUBLIUS
1020 221 1491 281 TERENTIUS
1537 223 1750 280 AFER

64 338 190 395 Chr.
328 343 597 409 monstri,
630 344 714 395 ita
745 361 842 397 me
875 340 937 397 di
967 350 1193 412 ament,
1227 343 1436 400 simile.

66 427 228 482 Phor.
1386 436 1565 489 inieci
1595 437 1954 504 scrupulum.

68 515 244 571 Demi.
1882 523 2041 592 hem,

330 605 527 662 hicine
559 614 628 663 ut
658 627 692 662 a
724 608 894 664 nobis
924 607 1038 663 hoc
1071 616 1307 664 tantum
1338 614 1575 677 argenti
1606 610 1841 667 auferat

328 708 453 756 tam
482 709 692 770 aperte
724 702 1030 758 inridens?
1077 707 1262 758 emori
1295 702 1497 759 hercle
1530 708 1713 759 satius
1745 711 1854 759 est.

326 799 527 852 animo
558 796 710 851 virili
742 801 1167 867 praesentique
1198 805 1268 854 ut
1298 802 1375 854 sis
1407 818 1562 868 para.

327 890 495 947 vides
524 898 694 947 tuom
724 899 1042 962 peccatum
1076 912 1205 949 esse
1238 893 1465 949 elatum
1498 894 1652 951 foras

329 1005 527 1055 neque
559 989 677 1042 iam
708 986 771 1043 id
802 987 997 1044 celare
1028 1007 1201 1057 posse
1232 995 1296 1044 te
1328 1009 1576 1046 uxorem
1606 998 1807 1049 tuam:

327 1101 489 1137 nunc
520 1081 681 1151 quod
711 1085 839 1152 ipsa
870 1102 943 1139 ex
974 1083 1103 1139 aliis
1134 1084 1412 1140 auditura
1443 1089 1538 1154 sit,
1573 1086 1879 1156 ChremeS,
2132 1084 2251 1151 960

328 1176 391 1232 id
421 1185 661 1233 nosmet
691 1178 957 1234 indicare
989 1178 1338 1248 placabilius
1374 1188 1482 1236 est.

329 1280 461 1328 tum
491 1272 653 1329 hunc
685 1277 1032 1344 inpuratum
1065 1279 1395 1345 poterimus
1427 1284 1631 1332 nostro
1661 1277 1840 1332 modo

328 1368 549 1425 ulcisci.

68 1457 229 1515 Phor.
569 1466 810 1527 atattat,
844 1462 954 1514 nisi
989 1462 1069 1513 mi
1101 1463 1414 1529 prospicio,
1449 1459 1681 1517 haereo,

328 1554 391 1610 hi
420 1553 778 1623 gladiatorio
807 1558 1007 1610 animo
1037 1554 1114 1610 ad
1146 1574 1244 1611 me
1275 1555 1590 1612 adfectant
1622 1559 1782 1612 viam

65 1650 190 1706 Clzr.
327 1657 391 1707 at
419 1669 630 1707 vereor
658 1657 728 1706 ut
756 1650 978 1720 placari
1008 1655 1210 1720 possit.

71 1746 243 1802 Demi.
1210 1746 1366 1801 bono
1396 1750 1595 1801 animo
1626 1761 1721 1803 est

329 1863 443 1912 ego
473 1842 744 1911 redigam
774 1862 877 1898 vos
907 1846 971 1897 in
1001 1845 1277 1911 gratiam,
1310 1840 1424 1897 hoc
1455 1841 1665 1910 fretuS,
1701 1841 2006 1912 ChremeS,

331 1959 511 2008 quom
543 1958 576 1994 e
607 1937 808 1994 medio
841 1941 1099 1994 excessit
1130 1937 1293 1993 unde
1326 1936 1475 1993 haec
1509 1946 1844 2008 susceptast
1875 1940 2002 1994 tibi.

69 2034 233 2092 Phor.
331 2039 459 2091 itan
490 2038 668 2103 agitis
698 2034 976 2089 mecum?
1022 2036 1164 2089 satis
1194 2040 1395 2090 astute
1426 2033 1843 2102 adgredimini.

331 2151 453 2186 non
486 2129 689 2185 hercle
724 2148 797 2185 ex
829 2149 893 2184 re
925 2132 1095 2184 istius
1127 2147 1225 2184 me
1256 2131 1577 2197 instigasti,
1617 2129 1934 2197 Demipho.

335 2231 434 2281 ain
463 2226 570 2282 tu?
615 2226 719 2281 ubi
750 2244 902 2294 quae
934 2223 1195 2279 lubitum
1225 2222 1410 2280 fuerit
1439 2243 1693 2293 peregre
1730 2224 1941 2280 feceris
2136 2230 2255 2290 970

331 2340 530 2390 neque
561 2319 738 2375 huius
769 2323 845 2375 sis
877 2323 1101 2375 veritus
1132 2317 1394 2375 feminae
1426 2323 1757 2388 primariae,

332 2422 479 2488 quin
509 2436 663 2472 novo
692 2415 872 2471 modo
904 2419 958 2471 ei
991 2414 1219 2471 faceres
1250 2414 1698 2484 contumeliam,

332 2515 536 2569 venias
566 2531 727 2567 nunc
758 2511 1035 2580 precibus
1066 2511 1299 2566 lautum
1328 2517 1645 2580 peccatum
1675 2510 1886 2566 tuom?

333 2607 498 2664 hisce
530 2626 644 2676 ego
675 2606 839 2661 illam
870 2605 1047 2662 dictis
1077 2610 1163 2661 ita
1191 2606 1304 2662 tibi
1334 2609 1640 2661 incensam
1671 2604 1846 2671 dabo,

332 2711 404 2760 ut
433 2723 512 2760 ne
542 2706 900 2771 restinguas,
933 2701 1211 2757 lacrumis
1241 2704 1290 2757 si
1322 2700 1727 2757 exstillaveriS.
2137 2706 2255 2766 975

77 2797 251 2856 Demi.
336 2806 587 2855 tantane
611 2797 921 2853 adfectum
945 2816 1308 2866 quemquam
1333 2815 1462 2852 esse
1486 2795 1790 2850 hominem
1819 2794 2092 2851 audacia!
2140 2801 2266 2860 977,

335 2914 458 2950 non
487 2893 600 2949 hoc
631 2892 956 2963 publicitus
986 2891 1179 2949 scelus
1211 2891 1352 2947 hinc
1381 2894 1738 2962 asportarier

336 2993 399 3044 in
430 2988 582 3045 solas
612 2988 828 3044 terras!

74 3078 199 3135 Chr.
830 3079 890 3129 in
921 3073 983 3130 id
1014 3074 1292 3130 redactus
1322 3093 1453 3129 sum
1481 3072 1596 3128 loci

341 3168 361 3216 l
378 3166 455 3215 08
