2352 3724
623 233 979 298 PUBLIUS
1023 240 1493 299 TERENTIUS
1539 241 1756 296 AFER

329 361 476 416 haec
506 380 601 416 res
631 360 728 415 hic
759 365 987 428 agitur:
1024 361 1333 430 Pamphilo
1362 381 1460 416 me
1492 361 1689 416 facere
1731 368 1800 416 ut
1836 360 2046 416 redeat

409 463 558 498 uxor

327 534 598 596 oportet:
629 526 790 595 quod
820 530 867 582 si
898 526 1160 596 perficiO,
1189 547 1311 582 non
1341 531 1615 596 paenitet
1644 545 1742 582 me
1773 525 1987 594 famae,

328 611 512 666 solam
533 609 745 666 fecisse
765 609 827 665 id
847 609 1008 679 quod
1025 610 1176 666 aliae
1195 614 1544 666 meretrices
1563 608 1762 665 facere
1782 609 2062 677 fugitant.

67 705 277 762 Laches
330 705 647 774 Phidippe,
676 713 908 760 nostras
937 704 1219 760 mulieres
1250 713 1555 774 suspectas
1587 704 1767 760 fuisse
1798 704 1946 759 falso

328 789 498 843 nobis
539 792 601 842 in
641 807 850 857 reapse
881 792 1249 844 invenimus:
1281 807 1454 857 porro
1486 788 1639 842 hanc
1671 807 1831 842 nunc
1865 806 2043 856 expe-

410 876 644 926 riamur.

327 975 466 1010 nam
497 959 545 1010 si
575 958 936 1024 compererit
966 957 1199 1009 crimini
1230 962 1334 1010 tua
1364 953 1512 1009 falso
1543 953 1887 1021 credidisse,

328 1042 568 1093 missam
597 1042 744 1092 iram
776 1036 990 1104 faciet3
1021 1041 1112 1093 sin
1151 1044 1222 1092 ut
1263 1044 1356 1092 est
1396 1037 1472 1091 ob
1513 1056 1645 1092 eam
1690 1057 1816 1091 rem
1861 1040 2044 1091 iratus
2134 1039 2249 1093 780

409 1128 680 1190 gnatust,

328 1204 485 1273 quod
528 1207 766 1272 peperit
795 1223 944 1258 uxor
974 1203 1148 1272 clam,
1178 1202 1241 1258 id
1270 1202 1494 1259 levest:
1536 1207 1656 1258 cito
1687 1203 1762 1257 ab
1794 1221 1865 1257 eo
1895 1201 2043 1256 haec

410 1292 495 1342 ira
524 1286 826 1342 abscedet.

330 1370 600 1440 profecto
661 1374 723 1424 in
784 1369 895 1424 hac
951 1389 1015 1425 re
1062 1368 1147 1424 nil
1194 1368 1415 1438 malist‚
1463 1368 1621 1438 quod
1670 1372 1748 1424 sit
1796 1367 2045 1423 discidio

414 1454 682 1522 dignum.

68 1550 184 1605 Phi.
320 1549 497 1604 velim
532 1548 775 1618 quidem
807 1548 1027 1603 hercle.

69 1645 275 1701 Laches
693 1648 970 1713 exquire:
1001 1643 1204 1699 adest:
1237 1643 1397 1712 quod
1427 1647 1568 1699 satis
1601 1647 1696 1711 sit,
1728 1641 1909 1697 faciet
1939 1646 2078 1711 ipsa.

68 1741 182 1796 Phi.
321 1740 465 1810 quid
496 1744 577 1794 mi
610 1744 794 1795 istaec
825 1740 1063 1795 narras?
1094 1759 1172 1793 an
1197 1743 1334 1808 quia
1358 1759 1479 1793 non
1504 1746 1636 1795 tute
1663 1742 1788 1808 ipse
1814 1737 2038 1792 dudum

410 1823 651 1892 audisti,

327 1907 404 1963 de
435 1907 547 1961 hac
579 1926 641 1962 re
673 1909 905 1961 animus
944 1924 1114 1961 meus
1155 1912 1224 1960 ut
1264 1908 1362 1974 sit,
1394 1903 1662 1959 Laches?
1708 1903 1822 1959 illis
1867 1902 2046 1957 modo

411 1990 654 2059 explete
684 1993 1051 2044 animum.—

68 2086 278 2142 Laches
328 2104 548 2155 quaeso
579 2083 817 2153 edepol,
850 2083 1118 2152 Bacchis,
1150 2082 1311 2152 quod
1339 2082 1487 2137 mihi
1520 2101 1583 2137 es
1614 2082 1878 2151 pollicita
1910 2089 2043 2135 tute

415 2177 480 2223 ut
511 2187 725 2223 serves.

70 2265 301 2320 Bacchis
323 2265 399 2319 ob
431 2283 563 2318 eam
594 2282 721 2318 rem
753 2267 852 2317 vin
885 2281 1028 2331 ergo
1059 2266 1218 2317 intro
1249 2262 1419 2317 eam?

68 2360 276 2416 Laches
830 2362 870 2427 i,
894 2357 1070 2427 exple
1093 2361 1360 2412 animum
1384 2360 1489 2426 eiS,
1513 2375 1660 2425 coge
1686 2364 1753 2412 ut
1776 2355 2040 2411 credant.

67 2455 301 2511 Bacchi-s·
324 2475 415 2523 e0,
447 2458 560 2509 etsi
592 2458 712 2509 scio
741 2452 842 2523 pol
872 2457 956 2508 eis
980 2451 1106 2508 fore
1136 2471 1340 2507 meum
1371 2459 1759 2521 conspectum
1791 2455 2044 2506 invisum

410 2537 606 2594 hodie.

327 2641 467 2676 nam
490 2628 681 2690 nupta
703 2623 1007 2675 meretrici
1031 2618 1219 2674 hostis
1244 2625 1356 2687 est,
1382 2638 1416 2673 a
1439 2621 1563 2672 viro
1587 2618 1688 2672 ubi
1712 2623 2100 2685 segregatast.

66 2717 276 2774 Laches
325 2724 390 2773 at
417 2715 567 2771 haec
596 2718 822 2770 amicae
855 2721 1054 2783 erunt,
1084 2715 1186 2769 ubi
1227 2733 1406 2782 quam
1447 2713 1523 2768 ob
1562 2731 1690 2767 rem
1730 2711 2044 2768 adveneris
2133 2715 2249 2775 790

409 2802 768 2855 resciscent:

325 2901 466 2940 nam
494 2882 625 2937 illas
656 2899 854 2936 errore
886 2887 950 2935 et
978 2887 1042 2935 te
1074 2878 1250 2935 simul
1279 2883 1614 2948 suspicione
1647 2877 1931 2934 exsolves.

67 2978 299 3035 Bacchis
320 2980 492 3048 perii,
521 2975 713 3046 pudet
746 2974 1154 3030 Philumenae.
1244 2992 1343 3030 me
1374 2977 1691 3042 sequimini
1728 2977 1887 3030 intro
1926 2971 2043 3028 huc

408 3061 723 3115 ambae.—

327 3186 446 3236 200
