2352 3724
95 359 222 417 Chr.

95 442 157 499 N
153 464 241 500 au.

94 525 256 582 Phor.

96 691 220 749 Chr.

90 775 154 830 N
151 796 238 832 au.

90 940 254 999 Phor.

88 1107 237 1165 Nau.

89 1190 217 1248 Chr.

93 1273 254 1331 Phor.

88 1440 266 1497 Demi.

87 1605 251 1663 Phor.

86 1772 150 1828 N
146 1794 233 1830 au.

87 1855 214 1912 Clzr.

84 1939 232 1995 Nau.

87 2021 214 2078 Chr.

84 2104 253 2162 Plzor.

83 2270 233 2327 Nau.

86 2353 212 2411 Chr.

83 2436 250 2494 Phor.

85 2519 211 2576 Clzr.

82 2602 249 2659 Phor.

81 2685 230 2742 Nau.

90 2767 250 2826 Phor.

85 2851 214 2907 Ᾱαα

83 2896 247 2990 Ριιωῖ.

81 3098 208 3156 Chr.

653 246 1008 305 PUBLIUS
1053 248 1524 310 TERENTIUS
1570 254 1787 308 AFER

354 363 436 418 nil
472 372 581 420 est.

581 448 728 517 quid
758 451 939 518 ergo?
972 451 1118 520 quid
1147 455 1282 509 istic
1314 456 1552 511 narrat?

1546 541 1657 594 iam
1689 543 1866 598 scies:

355 612 641 669 ausculta.

645 701 858 767 pergin
889 699 1176 757 credere?

1161 785 1306 854 quid
1337 806 1451 855 ego
1482 787 1728 844 obsecro

355 859 495 917 huic
526 861 787 933 credam,
819 867 922 933 qui
952 863 1037 920 nil
1070 864 1260 923 dixit?

1260 950 1478 1007 delirat
1508 957 1688 1009 miser

352 1029 585 1083 timore.

576 1130 699 1166 non
730 1112 829 1181 pol
861 1120 1153 1171 temerest
1183 1115 1345 1185 quod
1375 1124 1441 1172 tu
1475 1125 1599 1173 tam
1629 1123 1823 1177 times.

349 1212 507 1261 egon
537 1196 762 1250 timeo?

769 1285 935 1334 recte
966 1298 1141 1336 sane:
1172 1281 1412 1350 quando
1444 1282 1528 1337 nil
1560 1287 1756 1354 times,

352 1366 417 1414 et
447 1359 560 1415 hoc
591 1360 674 1415 nil
709 1368 802 1416 est
832 1362 993 1430 quod
1025 1382 1140 1432 ego
1170 1363 1324 1434 dico,
1355 1372 1423 1421 tu
1454 1385 1643 1422 narra.

1632 1449 1843 1518 scelmz,

351 1526 462 1581 tibi
494 1527 736 1582 narret?

758 1609 874 1667 ohe
905 1618 994 1681 tu,
1025 1610 1314 1669 factumst
1341 1614 1447 1670 abs
1477 1621 1541 1671 te
1572 1614 1782 1671 sedulo

350 1710 458 1760 pro
487 1691 689 1749 fratre.

684 1779 766 1831 mi
797 1779 905 1846 vir,
935 1797 1055 1833 non
1089 1777 1236 1832 mihi
1267 1778 1468 1835 dices?

1468 1870 1614 1919 at—

1693 1947 1837 2017 quid
1870 1934 2071 2009 “at”?

347 2043 470 2079 non
501 2044 649 2094 opus
681 2032 775 2081 est
805 2025 984 2083 dicto,

974 2110 1086 2166 tibi
1118 2110 1397 2180 quidem:
1426 2118 1491 2167 at
1521 2115 1671 2168 scito
1701 2111 1841 2168 huic
1872 2119 2065 2182 opust.

350 2192 414 2244 in
445 2188 759 2245 Lemno—

698 2272 861 2343 hem,
891 2274 1038 2344 quid
1067 2276 1190 2331 ais?

1174 2378 1298 2415 non
1327 2361 1530 2421 taces?

1503 2443 1656 2498 clam
1686 2451 1831 2500 te—

1761 2530 1814 2583 ei
1845 2526 2024 2584 mihi!

340 2623 586 2660 uxorem
616 2605 804 2661 duxit.

820 2692 902 2744 mi
933 2688 1132 2759 homo,
1165 2690 1226 2746 di
1257 2690 1471 2747 melius
1502 2689 1706 2747 duintss

340 2772 424 2825 sic
454 2768 756 2826 factumst.

773 2857 924 2923 perii
952 2855 1196 2911 misera!

1198 2946 1263 2994 et
1291 2938 1434 2994 inde
1465 2939 1646 2995 filiam

345 3022 610 3088 suscepit
637 3021 757 3074 iam
787 3038 991 3090 unam,
1020 3017 1166 3076 dum
1196 3027 1265 3077 tu
1295 3021 1534 3079 dormis,

1544 3103 1688 3172 quid
1718 3105 1986 3175 agimus?

349 3189 461 3239 112

2130 1376 2283 1426 1000
