2352 3724
81 348 239 404 Plzor.

76 430 253 487 Demi.

76 513 241 569 Phor.

82 763 203 819 Chr.

80 845 243 902 Phor.

80 1013 130 1068 C
127 1012 205 1068 lzr.

84 1096 257 1151 Demi.

84 1179 243 1234 Phor.

82 1262 207 1318 Clzr.

85 1346 244 1401 Phor.

83 1512 210 1571 Clzr.

90 1596 246 1652 Phor.

84 1680 208 1737 Chr.

89 1846 246 1903 Phor.

89 1930 261 1986 Demi.

86 2014 210 2070 Chr.

89 2098 112 2151 I
120 2098 166 2151 'lz
172 2117 247 2152 or.

86 2180 210 2236 Chr.

88 2346 247 2403 Phor.

81 2845 208 2902 Chr.

86 2927 258 2985 Demi.

633 228 984 285 PUBLIUS
1028 229 1389 284 TERENTI
1403 231 1498 286 US
1543 229 1762 284 AFER

339 351 503 404 enim
531 368 673 405 vero
703 352 752 405 si
781 367 957 418 porro
987 367 1118 406 esse
1149 348 1337 405 odiosi
1366 352 1701 419 pergitis—

338 431 483 500 quid
514 430 734 487 facies?

747 514 981 583 egone?
1025 534 1127 570 vos
1157 534 1256 570 me
1286 514 1576 571 indotatis
1605 513 1784 570 modo

340 599 699 666 patrocinari
728 596 980 653 fortasse
1009 599 1411 653 arbitramini:

341 683 525 736 etiam
555 679 777 736 dotatis
808 680 986 736 soleo,

1009 763 1155 834 quid
1185 763 1248 819 id
1277 764 1517 818 nostra?

1523 845 1690 901 nihil.

343 927 440 986 hic
470 929 771 1000 quandam
801 950 1026 999 noram,
1059 933 1270 999 quoius
1299 932 1388 984 vir
1415 949 1746 985 uxorem—

1625 1012 1781 1067 henr

1761 1094 1903 1162 quid
1928 1094 2058 1150 est?

349 1179 560 1235 Lemni
590 1179 803 1236 habuit
831 1180 1091 1234 aliam—

1045 1262 1246 1318 nullus
1277 1282 1423 1318 sum.

1435 1364 1507 1400 ex
1541 1364 1656 1413 qua
1688 1343 1866 1398 filiam

345 1433 627 1499 suscepit,
661 1437 725 1485 et
757 1449 889 1485 eam
920 1428 1074 1484 clam
1107 1428 1340 1484 educat.

1350 1509 1621 1579 sepultus
1653 1529 1797 1565 sum.

346 1595 495 1652 haec
526 1595 677 1652 adeo
709 1615 823 1666 ego
855 1595 941 1650 illi
971 1598 1089 1650 iam
1119 1594 1466 1649 denarrabO.

1668 1675 1932 1742 obsecm,

345 1783 423 1819 ne
453 1762 647 1818 facias,

671 1845 768 1913 oh,
800 1853 950 1901 tune
980 1847 1030 1901 is
1061 1844 1228 1900 eras?

1238 1934 1307 1982 ut
1336 1925 1508 1981 ludos
1538 1923 1683 1980 facit

346 2017 590 2068 missum
620 2020 684 2068 te
715 2011 979 2066 facimus.

1001 2093 1254 2148 fabulae.

1272 2174 1417 2243 quid
1448 2177 1534 2229 vis
1563 2173 1712 2229 tibi?

346 2269 667 2331 argentum
697 2259 859 2331 quod
887 2258 1074 2315 habes
1107 2258 1512 2313 condonamus
1541 2263 1620 2311 te.

1611 2338 1803 2393 audio,

346 2427 493 2498 quid
521 2447 623 2483 vos
652 2426 878 2481 malum
909 2445 1052 2493 ergo
1082 2443 1180 2479 me
1211 2426 1293 2478 sic
1323 2421 1709 2476 ludificamini

343 2514 539 2580 inepti
567 2518 764 2565 vostra
794 2508 1009 2578 puerili
1038 2505 1477 2562 inconstantia?

344 2593 484 2649 nolo
514 2593 677 2659 volo;
724 2592 856 2647 volo
886 2591 1025 2645 nolo
1054 2607 1318 2654 rursum3
1350 2606 1515 2656 cape,
1548 2584 1728 2652 ced03

346 2676 507 2746 quod
554 2676 785 2731 dictum
828 2675 1216 2740 indictumst3
1260 2670 1421 2740 quod
1463 2668 1641 2724 modo
1686 2674 1880 2722 ratum
1928 2673 2054 2722 erat

425 2763 748 2815 inritumst.

345 2863 463 2913 quo
492 2849 671 2913 pacto
699 2847 806 2897 aut
829 2838 998 2896 unde
1027 2837 1127 2894 hic
1157 2836 1307 2892 haec
1336 2833 1614 2891 rescivit?

1616 2932 1817 2971 nescio
1833 2931 1848 2981 ;

340 3012 454 3065 nisi
482 3027 582 3064 me
612 3006 832 3064 dixisse
861 3006 1090 3060 nemini
1121 3009 1286 3059 certo
1317 3004 1451 3065 scio,

343 3170 460 3231 106

2145 683 2265 744 940

2142 2587 2260 2647 950
