2352 3724
668 232 1021 290 PUBLIUS
1067 233 1536 290 TERENTIUS
1582 232 1800 289 AFER

375 373 536 409 nunc
566 353 643 409 ad
675 372 808 408 eam
839 356 1039 409 visam.

116 438 244 494 Par.
834 435 1003 505 heUS,
1037 436 1318 494 Sostrata.

113 521 201 577 So,
1205 519 1363 576 hem.

115 604 247 661 Par.
1288 607 1508 658 iterum
1538 606 1716 658 istinc
1747 601 2086 658 excludere.

114 688 202 744 80.
378 687 557 742 ehem
603 686 916 756 ParmenO,
961 693 1072 743 tun
1118 686 1215 741 hic
1260 687 1425 742 eras?
1472 690 1642 755 perii,
1688 685 1831 755 quid
1877 684 2089 740 faciam
2186 689 2303 738 340

463 771 717 825 misera?

386 874 507 909 non
542 859 722 908 visam
757 872 1004 909 uxorem
1036 852 1352 922 Pamphili,
1378 872 1560 921 quom
1589 856 1652 907 in
1682 871 1973 921 proxumo
1993 850 2094 924 *hic

467 941 544 992 sit
574 937 789 1004 aegra?

125 1022 251 1077 Par.
361 1040 483 1075 non
512 1021 699 1075 visas?
747 1039 825 1075 ne
861 1023 1068 1075 mittas
1105 1018 1352 1088 quidem
1388 1017 1621 1074 visendi
1666 1036 1841 1073 causa
1885 1036 2093 1087 quem-

468 1123 662 1172 quam.

385 1207 524 1242 nam
548 1191 649 1256 qui
672 1193 834 1242 amat
856 1189 996 1255 quoi
1020 1185 1157 1242 odio
1180 1188 1390 1255 ipsust,
1412 1204 1550 1240 eum
1573 1185 1664 1240 bis
1687 1183 1884 1252 facere
1910 1182 2095 1239 stulte

469 1270 654 1325 duco:
1042 1262 1058 1270 ⁹

386 1354 653 1409 laborem
676 1356 919 1408 inanem
942 1356 1105 1421 ipsus
1128 1354 1289 1421 capit
1313 1357 1377 1407 et
1399 1350 1487 1405 illi
1510 1349 1849 1406 molestiam
1878 1347 2092 1404 adfert.

388 1445 519 1492 tum
549 1436 703 1492 filius
732 1443 869 1491 tuos
898 1439 1058 1490 intro
1087 1438 1160 1490 iit
1188 1433 1414 1501 videre,
1444 1440 1515 1489 ut
1542 1436 1730 1502 venit,
1761 1431 1907 1502 quid
1937 1438 2092 1500 agat.

125 1522 211 1577 Se.
387 1519 532 1589 quid
562 1520 682 1575 ais?
728 1539 805 1574 an
836 1522 1005 1574 venit
1038 1516 1420 1586 Pamphilus?

127 1606 257 1660 Par.
1347 1604 1529 1656 venit.

124 1689 213 1745 So,
701 1716 704 1717 ⁷
1481 1683 1572 1739 dis
1600 1686 1855 1751 gratiam
1884 1680 2094 1736 habeo,

390 1771 551 1840 hem,
575 1773 725 1826 istoc
752 1770 932 1825 verbo
954 1772 1188 1824 animus
1210 1768 1358 1822 mihi
1382 1765 1542 1822 redit
1566 1772 1630 1821 et
1652 1785 1793 1821 cura
1815 1784 1889 1820 ex
1920 1763 2098 1819 corde

476 1857 747 1909 excessit.

132 1938 263 1994 Par.
393 1942 513 1992 iam·
541 1957 611 1992 ea
639 1944 702 1992 te
735 1955 910 1991 causa
939 1953 1217 1989 maxume
1250 1952 1410 1988 nunc
1441 1932 1554 1987 hoc
1585 1935 1745 1986 intro
1775 1934 1860 1985 ire
1892 1928 2063 1994 nolo;

396 2041 532 2075 nam
564 2024 611 2075 si
643 2023 963 2075 remittent
994 2017 1301 2088 quidpiam
1336 2015 1728 2070 Philumenae
1759 2013 2013 2080 doloreS,

395 2123 636 2158 omnem
667 2123 795 2158 rem
826 2100 1111 2169 narrabit,
1144 2103 1284 2168 scio,
1316 2102 1604 2154 continuo
1635 2096 1758 2153 sola
1789 2095 1916 2163 soli,
2198 2096 2309 2147 350

396 2206 548 2255 quac
586 2190 747 2242 inter
782 2204 885 2240 vos
921 2186 1338 2251 intervenerit,
1371 2181 1535 2237 unde
1573 2186 1831 2235 ortumst
1867 2180 2106 2233 initium

479 2275 615 2325 irae.

395 2361 578 2422 atque
611 2372 818 2408 eccum
850 2350 1026 2407 video
1056 2353 1253 2419 ipsum
1283 2346 1524 2417 egredi:
1568 2365 1748 2416 quam
1777 2342 2022 2399 tristist!

57 2438 60 2442 ’
131 2439 221 2494 So.
1716 2446 1752 2483 0
1780 2430 1863 2482 mi
1891 2425 2105 2494 gnate!

133 2522 288 2578 Pam.
396 2539 530 2576 mea
563 2527 776 2587 mater,
812 2517 987 2573 salve.

133 2604 222 2661 So.
1015 2599 1253 2668 gaudeo
1282 2599 1517 2653 venisse
1549 2594 1787 2651 salvom.
1865 2590 2068 2648 salvan

402 2685 817 2741 Philumenast
829 2684 852 2738 ?

135 2771 289 2828 Pam.
829 2764 1259 2822 Meliusculast.

133 2853 222 2910 So.
1235 2850 1469 2902 utinam
1497 2848 1652 2900 istuc
1681 2846 1766 2898 ita
1796 2841 1854 2897 di
1889 2840 2084 2895 faxint

401 2935 547 3005 quid
577 2943 644 2991 tu
675 2937 862 3003 igitur
890 2930 1220 2988 lacrumas?
1265 2935 1372 2985 aut
1402 2927 1548 2998 quid
1578 2945 1643 2985 es
1671 2932 1795 2981 tam
1827 2923 2050 2979 tristis?

136 3020 291 3075 Pam.
1686 3015 1872 3074 recte,
1903 3011 2112 3060 mater.

138 3103 223 3159 So.
398 3101 543 3170 quid
563 3100 679 3156 fuit
697 3098 981 3155 tumulti?
1014 3097 1111 3153 dic
1129 3095 1309 3151 mihi:
1340 3114 1417 3149 an
1438 3091 1606 3149 dolor
1624 3097 1878 3160 repente
1901 3084 2154 3143 invasit?

404 3190 517 3240 158
