2352 3724
99 538 275 595 Philo.

92 635 235 702 Syra

100 731 227 786 Par.

101 909 272 964 Philo.

95 1171 226 1227 Par.

95 1433 270 1488 Philo.

92 1944 174 2000 Pa
179 1965 220 2000 r.

88 2121 265 2179 Philo.

86 2468 217 2524 Par.

86 2562 262 2618 Philo.

87 2660 216 2714 Par.

87 2753 262 2809 Philo.

85 2932 214 2989 Par.

84 3109 260 3165 Philo.

654 239 1007 297 PUBLIUS
1051 239 1523 297 TERENTIUS
1568 239 1785 295 AFER

359 359 467 416 sed
496 359 716 415 videon
747 379 861 428 ego
895 359 1261 416 Philotium?
1307 359 1470 415 unde
1501 359 1650 415 haec
1681 358 1964 416 advenit?

362 442 634 512 Philotis,
665 442 824 499 salve
855 442 1132 498 multum.

1142 557 1178 594 o
1208 537 1388 607 salve,
1425 537 1733 595 Parmeno,

359 634 520 691 salve
550 641 867 704 mecastor,
899 633 1207 690 Parmeno,

1234 737 1298 785 et
1328 736 1393 784 tu
1428 728 1663 798 edepol,
1699 729 1860 798 Syra.

360 813 456 869 dic
485 817 588 876 mi,
620 813 741 881 ubi,
778 812 1047 881 Philotis,
1078 820 1141 868 te
1174 812 1490 868 oblectasti
1522 820 1644 867 tam
1677 813 1816 867 diu?

362 913 628 964 minume
660 909 943 977 equidem
972 928 1070 964 me
1101 908 1417 966 oblectavi.
1449 928 1601 976 quae
1634 928 1767 962 cum
1801 907 1993 964 milite

361 992 715 1047 Corinthum
748 992 888 1045 hinc
919 1011 1050 1047 sum
1080 990 1352 1060 profecta
1383 990 1924 1045 inhumanissumo:

363 1077 670 1131 biennium
704 1076 783 1130 ibi
817 1081 1175 1144 perpetuom
1203 1078 1421 1129 misera
1450 1073 1619 1128 illum
1650 1073 1777 1128 tuli.

362 1170 577 1240 edepol
609 1178 672 1226 te
704 1169 1069 1225 desiderium
1098 1168 1479 1224 Athenarum
1509 1169 1783 1236 arbitror,

362 1254 708 1322 Philotium,
739 1256 967 1322 cepisse
998 1271 1176 1321 saepe
1207 1259 1272 1307 et
1301 1260 1364 1307 te
1394 1258 1562 1306 tuom

357 1337 668 1392 consilium
702 1340 1148 1404 contempsisse.

1152 1450 1275 1486 non
1306 1429 1425 1486 dici
1454 1435 1676 1499 potest,

357 1536 536 1586 quam
567 1515 786 1585 cupida
814 1534 977 1571 eram
1007 1513 1125 1569 huc
1157 1513 1470 1581 redeundi,
1501 1511 1763 1568 abeundi
1794 1532 1828 1566 a
1856 1510 2050 1567 milite

357 1619 578 1667 vosque
609 1599 708 1653 hic
739 1598 1004 1666 videndi,
1036 1601 1284 1666 antiqua
1314 1604 1383 1651 ut
1413 1595 1851 1651 consuetudine

356 1686 647 1751 agitarem
677 1685 838 1737 inter
867 1701 969 1736 vos
998 1680 1187 1736 libere
1218 1683 1570 1735 convivium.
1906 1680 1917 1689 ”

356 1786 495 1821 nam
524 1765 611 1820 illi
643 1765 804 1820 haud
832 1764 1056 1819 licebat
1084 1767 1198 1819 nisi
1229 1762 1543 1832 praefinito
1572 1761 1737 1830 loqui

354 1868 508 1918 quae
537 1849 623 1903 illi
655 1848 982 1918 placerent.

1004 1939 1166 1996 haud
1195 1943 1407 2009 opinor
1436 1937 1750 1994 commode

354 2025 534 2082 finem
565 2029 844 2082 statuisse
875 2027 1129 2080 orationi
1157 2023 1430 2078 militem.

354 2121 462 2178 sed
491 2121 637 2190 quid
666 2120 780 2175 hoc
809 2123 1079 2189 negotist
1106 2118 1286 2174 modo
1316 2116 1476 2186 quod
1505 2119 1767 2171 narravit
1795 2114 1942 2170 mihi

353 2205 450 2259 hic
480 2209 643 2259 intus
676 2202 962 2258 Bacchis?
1007 2202 1168 2271 quod
1200 2221 1314 2269 ego
1344 2219 1670 2268 numquam
1703 2198 1929 2253 credidi

352 2287 499 2356 fore,
533 2295 600 2342 ut
630 2286 731 2341 ille
763 2286 874 2340 hac
909 2289 1037 2340 viva
1066 2292 1269 2354 posset
1298 2288 1566 2339 animum
1594 2282 1881 2337 inducere

350 2389 598 2427 uxorem
627 2369 867 2425 habere.

847 2463 1070 2520 habere
1101 2462 1344 2518 autem?

1315 2556 1431 2613 eho
1459 2562 1548 2624 tu,
1580 2575 1656 2610 an
1688 2574 1809 2610 non
1840 2553 2061 2609 habet?

354 2657 558 2727 habet,
594 2655 701 2713 sed
732 2655 935 2711 firmae
965 2654 1115 2710 haec
1147 2672 1356 2709 vereor
1385 2659 1454 2707 ut
1484 2655 1605 2706 sint
1636 2653 1898 2719 nuptiae.

351 2757 438 2808 ita
467 2752 527 2808 di
559 2751 831 2820 deaeque
864 2750 1076 2817 faxint,
1108 2751 1156 2805 si
1185 2751 1249 2803 in
1278 2767 1407 2803 rem
1438 2753 1531 2801 est
1563 2744 1889 2800 Bacchidis,

345 2835 453 2892 sed
484 2839 584 2903 qui
616 2839 770 2890 istuc
804 2833 1045 2888 credam
1075 2835 1161 2887 ita
1191 2849 1341 2899 esse,
1371 2829 1468 2885 dic
1503 2827 1671 2897 mihi,
1707 2826 2012 2882 Parmeno.

348 2949 472 2986 non
502 2937 595 2985 est
626 2949 773 2998 opus
806 2927 1037 2997 prolato
1067 2926 1212 2981 hoc:
1258 2925 1667 2994 percontarier

344 3013 584 3069 desiste.

598 3123 819 3174 nempe
851 3125 922 3161 ea
952 3124 1127 3159 causa
1155 3110 1225 3158 ut
1254 3122 1332 3158 ne
1363 3101 1422 3156 id
1455 3101 1558 3156 fiat
1587 3096 1822 3168 palam?

351 3196 462 3245 134

2200 1337 2279 1397 90

2155 2368 2268 2418 100
