2352 3724
644 240 885 298 PUBLI
899 244 996 300 US
1041 244 1399 301 TERENTI
1412 247 1509 303 US
1556 247 1771 303 AFER

87 357 245 414 Phae.
341 363 390 416 si
421 368 532 430 est,
562 369 794 431 patrue,
826 363 1063 432 culpam
1093 372 1162 419 ut
1191 364 1464 434 Antipho
1494 371 1556 420 in
1587 386 1649 422 se
1680 368 2007 436 admiserit,
2148 373 2266 429 270

346 474 421 511 ex
451 475 567 524 qua
594 476 659 512 re
688 461 886 513 minus
915 463 1003 515 rei
1032 458 1191 515 foret
1219 468 1324 516 aut
1354 461 1546 517 famae
1578 469 1943 531 tempe1·anS‚

345 570 467 606 non
497 571 733 607 causam
763 553 896 608 dico
927 558 1073 623 quin
1104 555 1263 623 quod
1292 560 1542 611 meritus
1574 560 1651 611 sit
1681 556 1850 613 ferat.

346 646 451 700 sed
483 650 529 701 si
561 651 691 716 quis
722 647 877 704 forte
907 649 1135 704 malitia
1165 649 1354 706 fretus
1385 671 1489 707 sua

348 742 588 798 insidias
617 751 856 798 nostrae
888 744 1034 799 fecit
1065 745 1512 803 adulescentiae

346 857 414 892 ac
449 841 605 906 vicit,
638 846 883 894 nostran
915 840 1088 909 culpa
1148 848 1276 896 east
1304 862 1382 896 an
1412 842 1695 912 iudicum,

347 937 446 1001 qui
477 953 655 1003 Saepe
688 942 932 1004 propter
962 935 1247 990 invidiam
1277 936 1552 993 adimunt
1582 939 1752 993 diviti

345 1036 451 1084 aut
478 1037 726 1098 propter
755 1030 1220 1085 misericordiam
1249 1031 1484 1088 addunt
1511 1035 1796 1102 pauperi?

77 1123 217 1182 Geta
347 1127 407 1178 ni
438 1143 676 1179 nossem
706 1144 961 1193 causam,
995 1125 1305 1181 crederem
1335 1146 1474 1182 vera
1502 1126 1664 1183 hunc
1695 1128 1872 1196 loqui.

81 1217 252 1276 Demi.
346 1239 423 1273 an
453 1222 766 1287 quisquam
796 1219 977 1274 iudex
1009 1227 1102 1275 est
1132 1224 1233 1289 qui
1263 1226 1451 1289 possit
1481 1241 1726 1278 noscere

349 1321 451 1368 tua
479 1317 654 1382 iusta,
686 1314 789 1368 ubi
818 1321 953 1370 tute
986 1315 1234 1370 verbum
1264 1335 1387 1371 non
1418 1317 1799 1387 respondeas,
2150 1324 2269 1373 280

351 1414 433 1464 ita
463 1416 532 1465 ut
559 1409 662 1464 ille
694 1408 875 1464 fecit?

82 1507 244 1561 Phae.
842 1504 1085 1562 functus
1115 1506 1613 1563 adulescentulist

357 1601 604 1656 officium
633 1600 925 1656 liberalis:
970 1609 1287 1670 postquam
1316 1601 1394 1657 ad
1422 1602 1648 1658 iudices

358 1703 675 1764 ventumst,
706 1715 826 1750 non
857 1700 1058 1764 potuit
1086 1700 1349 1764 cogitata
1375 1697 1677 1765 proloqui;

353 1799 433 1847 ata
464 1811 603 1846 eum
632 1798 764 1846 tum
794 1790 1075 1845 timidum
1105 1792 1303 1846 subito
1333 1791 1658 1860 stupefecit
1689 1792 1894 1861 pudor.

81 1889 220 1945 Gela
351 1886 528 1942 laudo
551 1885 728 1941 hunc.
806 1884 914 1940 sed
944 1904 1110 1941 cesso
1132 1885 1298 1941 adire
1323 1905 1501 1954 quam
1530 1891 1789 1955 primum
1819 1886 2065 1942 senem?

351 2001 472 2050 ere,
503 1980 695 2036 salve:
740 1979 964 2035 salvom
994 1987 1058 2035 te
1087 1979 1400 2036 advenisse
1436 1981 1687 2049 gaudeo,

77 2079 242 2135 Demi
1634 2076 1731 2146 oh,

352 2174 508 2228 bone
539 2179 756 2240 custOS,
789 2170 968 2240 salve,
1000 2171 1279 2227 columen
1309 2191 1450 2227 vero
1479 2170 1757 2240 familiae,

351 2272 490 2336 quoi
520 2266 935 2322 commendavi
966 2266 1153 2320 filium
1182 2266 1324 2320 hinc
1353 2266 1559 2321 abiens
1590 2286 1807 2321 meum.

79 2364 220 2420 Geta
351 2367 467 2417 iam
498 2361 727 2417 dudum
757 2369 820 2416 te
853 2365 1043 2416 omnis
1073 2380 1180 2416 nos
1210 2380 1486 2416 accusare
1517 2361 1694 2415 audio

351 2461 631 2513 inmerito
662 2464 726 2511 et
754 2476 851 2511 me
882 2455 1111 2510 horunc
1141 2459 1407 2510 omnium
1437 2459 1914 2510 inmeritissumo.
2149 2459 2268 2518 290

351 2551 638 2621 namquid
666 2570 764 2606 me
795 2555 857 2605 in
887 2550 1000 2605 hac
1030 2569 1095 2605 re
1126 2549 1325 2606 facere
1355 2549 1594 2604 voluisti
1624 2550 1770 2604 tibi?

350 2666 582 2704 servom
610 2645 919 2700 hominem
949 2664 1187 2701 causam
1215 2663 1383 2701 orare
1411 2643 1579 2713 leges
1607 2663 1730 2699 non
1759 2648 1962 2699 sinunt

351 2760 550 2812 neque
579 2745 888 2796 testimoni
919 2740 1176 2795 dictiost.

79 2830 236 2888 Dema
1160 2832 1337 2882 mitto
1367 2831 1580 2883 omnia.

349 2919 428 2975 do
455 2922 610 2974 istuc
642 2902 1020 2985 “inprudens
1049 2919 1253 2970 timuit
1281 2914 1715 2979 adulescens”;
1747 2919 1875 2970 sino

349 3020 415 3064 tu
445 3005 664 3063 servo’s
680 3023 694 3071 ;
738 3023 945 3059 verum
973 3007 1022 3058 si
1052 3009 1365 3070 cognatast
1391 3021 1688 3069 maxume,

348 3115 471 3151 non
499 3093 617 3149 fuit
646 3110 891 3146 necesse
921 3090 1175 3153 habere3
1219 3089 1326 3144 sed
1356 3088 1419 3143 id
1448 3087 1608 3156 quod
1640 3087 1735 3142 lex
1769 3088 1955 3157 iubet,

351 3185 428 3234 34
