2352 3724
639 223 879 279 PUBLI
894 226 990 282 US
1036 226 1504 284 TERENTIUS
1553 230 1766 283 AFER

82 346 209 400 Pm.
341 343 483 411 quid
519 348 602 398 rei
644 346 774 400 est?
2146 357 2262 406 810

83 427 314 483 Bacchis
730 434 834 482 tua
864 428 1024 496 quod
1054 429 1139 484 nil
1171 449 1234 485 re
1267 430 1405 499 fert,
1432 436 1769 500 percontari
1800 432 2050 488 desinas,

82 512 210 566 Par.
341 508 425 564 nil
457 509 651 565 dicam
683 509 882 565 aliud?

83 592 316 649 Bacchis
668 597 881 648 etiam:
928 614 1215 663 cognosse
1247 596 1494 652 anulum
1524 597 1694 652 illum
1727 598 2055 667 Myrrinam

342 683 563 745 gnatae
595 695 735 732 suae
766 676 969 746 fuisse,
1001 698 1180 746 quem
1212 683 1373 749 ipsus
1404 679 1545 735 olim
1576 685 1658 735 mi
1689 679 1955 737 dederat.

87 762 210 816 Par.
1917 768 2052 821 scio,

344 850 663 898 tantumne
696 845 825 898 est?

86 926 318 982 Bacchis
485 934 755 981 tantum:
787 926 982 983 aderit
1002 932 1307 998 continuO,
1329 928 1443 985 hoc
1462 930 1563 985 ubi
1585 949 1658 986 ex
1678 937 1742 987 te
1762 929 2071 987 audiverit.

346 1009 451 1065 sed
484 1011 713 1065 cessas?

87 1094 214 1149 Par.
472 1097 740 1148 minume
761 1093 1043 1162 equidem
1062 1113 1074 1160 3
1105 1115 1245 1149 nam
1265 1095 1445 1151 hodie
1466 1096 1614 1151 mihi
1634 1103 1900 1166 potestas
1918 1096 2079 1152 haud

513 1176 742 1231 datast:

347 1264 430 1314 ita
460 1259 753 1314 cursando
782 1266 964 1328 atque
995 1261 1359 1316 ambulando
1388 1269 1587 1318 totum
1617 1262 1779 1318 hunc
1810 1267 2058 1318 contrivi

430 1342 606 1397 diem.

92 1427 322 1482 Bac-chels-
354 1434 639 1495 quantam
682 1425 870 1481 obtuli
915 1426 1181 1482 adventu
1227 1447 1362 1483 meo
1406 1427 1700 1484 laetitiam
1750 1428 2060 1498 Pamphilo

430 1509 639 1564 hodie!

347 1601 495 1662 quot
525 1592 865 1647 commodas
897 1613 989 1648 res
1009 1593 1216 1649 attuli!
1250 1602 1397 1663 quot
1416 1602 1621 1650 autem
1643 1594 1842 1650 ademi
1867 1595 2062 1651 curas!

348 1684 600 1745 gnatum
624 1680 674 1730 ei
702 1679 953 1731 restituo
958 1720 973 1745 ‚
988 1696 1181 1745 paene
1203 1680 1304 1746 qui
1323 1676 1536 1733 harum
1555 1681 1858 1748 ipsiusque
1878 1697 2058 1748 opera

433 1764 642 1829 periit;

350 1862 618 1909 uxorem,
644 1863 820 1910 quam
852 1863 1181 1912 numquam
1213 1851 1306 1900 est
1336 1851 1499 1900 ratus
1528 1844 1779 1915 posthac
1803 1864 1866 1900 se
1890 1844 2058 1900 habi-

434 1934 656 1992 turum,
689 1926 906 1992 redd03

351 2030 468 2079 qua
491 2029 554 2064 re
579 2017 890 2077 suspectus
915 2028 1021 2064 suo
1045 2014 1200 2079 patri
1225 2009 1341 2066 fuit
1366 2017 1430 2066 et
1464 2010 1778 2079 Phidippo,
1805 2010 2057 2066 exsolvi:
2148 2017 2263 2066 820

353 2093 449 2147 hic
480 2092 630 2148 adeo
664 2092 754 2147 his
784 2093 961 2148 rebus
991 2093 1204 2148 anulus
1235 2092 1351 2148 fuit
1381 2097 1618 2149 initium
1657 2094 2054 2149 inveniundis.

324 2186 326 2189 ⁴
353 2196 490 2231 nam
514 2179 761 2230 memini
786 2174 1005 2230 abhinc
1029 2180 1251 2231 mensis
1276 2176 1488 2231 decem
1513 2176 1639 2231 fere
1665 2176 1739 2231 ad
1764 2196 1861 2231 me
1881 2185 2060 2232 nocte

438 2263 626 2327 prima

353 2341 679 2409 confugere
727 2341 1115 2396 anhelantem
1171 2342 1413 2396 domum
1468 2347 1594 2397 sine
1645 2347 1887 2410 comite,
1938 2345 2058 2397 vini

437 2424 703 2494 plenum,

354 2528 489 2563 cum
540 2507 653 2561 hoc
705 2507 914 2562 anulo:
968 2511 1218 2563 extimui
1273 2508 1438 2563 ilico:

436 2596 680 2659 inquam
713 2576 750 2600 (ζ
765 2591 994 2658 amab0‚

353 2674 497 2744 quid
539 2677 914 2729 exanimatus
951 2674 1197 2728 obsecro
1238 2675 1340 2729 es?
1385 2673 1547 2729 unde
1592 2674 1837 2728 anulum
1880 2678 2060 2729 istum

437 2756 668 2812 nactu’s
685 2758 706 2810 ?

352 2840 448 2895 dic
472 2839 612 2894 mi.'’
689 2838 790 2894 ille
816 2838 958 2894 alias
983 2858 1076 2894 res
1096 2858 1276 2907 agere
1297 2858 1360 2895 se
1381 2838 1674 2894 simulare.
1747 2847 2061 2908 postquam

434 2922 496 2978 id
526 2921 723 2991 vide0,

351 3008 553 3061 nescio
577 3004 723 3073 quid
746 3008 1116 3073 suspicarier,
1137 3008 1328 3073 magis
1352 3009 1519 3073 coepi
1546 3009 1766 3060 instare
1792 3012 1861 3060 ut
1880 3003 2056 3059 dicat.

351 3089 530 3143 homo
560 3107 623 3143 se
656 3086 884 3143 fatetur
907 3091 963 3143 vi
987 3090 1051 3143 in
1075 3091 1168 3143 via
1191 3091 1393 3143 nescio
1418 3106 1595 3156 quam
1621 3090 2059 3156 compressisse,

350 3176 468 3227 9204

1502 2494 1538 2519 “
1553 2511 1633 2563 mi
1690 2507 2058 2577 Pamphile,”
