2352 3724
93 372 256 430 Phor.

93 456 234 511 Geta

94 539 271 596 Demi.

97 622 238 677 Geta

105 887 277 942 Demi.

104 1316 266 1373 Phor,

101 1412 281 1470 Demi.

105 1508 268 1565 Phor.

109 1604 283 1661 Demi.

107 1701 269 1758 Phor.

104 1797 285 1854 Deme.

106 1965 137 2019 Ι
139 1964 189 2018 'h
194 1986 224 2019 ο
230 1986 270 2019 r.

110 2059 285 2115 Demi.

109 2156 272 2211 Plzor.

109 2251 286 2308 Demi.

113 2347 274 2404 Phor.

115 2597 289 2655 Demi.

111 2644 268 2748 Geta.

118 2782 276 2838 Phor.

112 2948 288 3006 Demi.

111 3044 272 3100 Phor.

652 255 897 312 PUBLI
912 257 1008 314 US
1053 257 1415 316 TERENTI
1429 262 1525 318 US
1581 262 1792 326 AFER

354 375 668 444 responde.

665 463 797 529 quis
827 460 1102 518 homost?
1148 463 1342 521 ehem.

1323 556 1456 605 tace

1464 633 1700 688 absenti
1732 631 1845 689 tibi

363 716 425 764 te
458 709 735 779 indignas
767 729 952 780 seque
983 711 1196 780 dignas
1229 715 1623 771 contumelias

363 812 690 862 numquam
721 799 976 850 cessavit
1006 795 1207 851 dicere
1240 796 1436 853 hodie.

1457 893 1681 949 desine.

362 971 736 1039 adulescenS,
768 977 1027 1042 primum
1058 976 1162 1030 abs
1194 983 1257 1030 te
1289 975 1402 1030 hoc
1433 977 1588 1031 bona
1619 981 1792 1032 venia
1822 985 1980 1046 peto,

365 1059 413 1110 si
444 1055 555 1110 tibi
587 1054 826 1124 placere
857 1060 1014 1126 potis
1047 1065 1158 1125 est,
1190 1061 1271 1112 mi
1304 1067 1373 1113 ut
1404 1059 1798 1128 respondeas:

364 1157 546 1207 quem
574 1142 835 1194 amicum
864 1146 1034 1195 tuom
1064 1144 1148 1196 ais
1179 1140 1362 1196 fuisse
1393 1145 1595 1211 istum,
1628 1143 1883 1212 explana
1916 1142 2080 1212 mihi,

365 1228 430 1276 et
459 1225 560 1290 qui
592 1229 917 1291 cognatum
947 1243 1045 1279 me
1076 1224 1188 1279 sibi
1220 1244 1349 1280 esse
1381 1225 1627 1281 diceret.

366 1317 619 1386 proinde
652 1321 957 1387 expiscare
989 1324 1154 1388 quasi
1188 1340 1309 1375 non
1340 1340 1559 1377 nosses,

1565 1418 1838 1473 nossem?

1827 1517 1925 1569 ita.

369 1624 484 1674 ego
514 1625 612 1661 me
643 1625 833 1674 nego:
865 1613 931 1661 tu
964 1611 1065 1676 qui
1096 1611 1180 1662 ais
1211 1607 1421 1676 redige
1452 1611 1515 1662 in
1547 1612 1912 1664 memoriam.

368 1701 484 1758 eho
515 1708 604 1771 tu,
637 1702 944 1757 sobrinum
975 1709 1143 1758 tuom
1175 1722 1297 1758 non
1327 1704 1538 1759 noras?

1540 1802 1754 1855 enicas,

368 1880 465 1936 dic
496 1900 735 1937 nomen.

765 1965 1027 2020 nomen?

1019 2080 1314 2117 maxume.
1406 2060 1551 2130 quid
1586 2079 1746 2116 nunc
1779 2060 1982 2115 taces?

370 2159 519 2225 perii
550 2154 775 2224 hercle,
807 2175 1029 2212 nomen
1061 2156 1313 2226 perdidi.

1321 2250 1464 2320 quid
1495 2252 1617 2307 ais?

1614 2346 1789 2414 Geta,

372 2435 419 2487 si
449 2434 778 2486 meministi
808 2429 870 2485 id
901 2429 1062 2499 quod
1093 2429 1233 2484 olim
1266 2429 1573 2496 dictumst,
1606 2429 1823 2483 subice.
1917 2427 2076 2495 hem,

372 2533 495 2569 non
525 2513 688 2568 dico:
720 2517 886 2582 quasi
918 2532 1039 2567 non
1070 2532 1293 2580 nosseS‚
1325 2519 1691 2580 temptatum
1722 2511 1984 2566 advenis,

373 2616 488 2666 ego
518 2604 724 2653 autem
754 2596 1028 2665 tempto?

1022 2685 1276 2756 Stilpho,

1283 2784 1466 2845 atque
1495 2775 1647 2831 adeo
1678 2775 1822 2844 quid
1854 2775 2025 2830 mea?

371 2863 683 2934 Stilphost.

697 2963 880 3014 quem
909 2942 1099 2998 dixti?

1112 3036 1494 3105 Stilphonem
1526 3039 1768 3104 inquam
1798 3052 2059 3089 noveras.

376 3203 451 3254 44

2181 1148 2298 1199 380

2181 2858 2300 2919 390
