2352 3724
115 968 192 1024 M
187 968 206 1023 i
209 969 255 1023 (ti
258 990 288 1023 0

675 221 1026 280 PUBLlUS
1071 222 1543 281 TERENTIUS
1590 223 1807 279 AFER

1073 799 1330 858 ACTVS
1378 798 1404 855 Ι

384 967 595 1025 Storax
617 968 839 1023 !—non
871 967 1051 1022 rediit
1082 967 1192 1022 hac
1222 976 1401 1022 nocte
1434 988 1467 1021 a
1498 986 1646 1021 cena
1679 967 2014 1023 Aeschinus

378 1083 575 1132 neque
607 1063 972 1118 servolorum
1003 1066 1338 1131 quisquam,
1370 1066 1471 1131 qui
1502 1061 1818 1117 advorsum
1850 1066 2097 1117 iverant.

378 1158 650 1229 profecto
682 1157 795 1212 hoc
826 1178 965 1212 vere
997 1157 1239 1213 dicunt:
1286 1162 1333 1213 si
1366 1159 1520 1213 absis
1555 1161 1783 1226 uspiam

377 1262 481 1309 aut
511 1255 593 1309 ibi
626 1257 670 1309 si
708 1273 923 1322 cesses,
956 1257 1198 1308 evenire
1231 1273 1301 1308 ea
1332 1257 1515 1308 satius
1547 1260 1640 1308 est

378 1370 530 1419 quae
561 1353 623 1404 in
654 1357 717 1404 te
749 1369 896 1404 uxor
928 1348 1075 1403 dicit
1107 1356 1170 1404 et
1201 1368 1352 1417 quae
1385 1353 1444 1402 in
1478 1352 1677 1403 animo
1709 1352 1934 1416 cogitat

378 1450 528 1501 irata
559 1465 739 1514 quam
770 1444 871 1499 illa
901 1463 1054 1513 quae
1086 1452 1368 1514 parentes
1402 1447 1658 1513 propitii.

376 1560 544 1611 uxor,
574 1545 621 1597 si
654 1559 869 1609 cesseS,
899 1547 1005 1595 aut
1035 1547 1098 1595 te
1130 1559 1329 1594 amare
1362 1543 1590 1608 cogitat

375 1645 481 1692 aut
509 1644 639 1692 tete
670 1639 854 1690 amari
884 1642 990 1691 aut
1019 1642 1228 1705 potare
1258 1642 1441 1703 atque
1471 1639 1671 1689 animo
1701 1635 1967 1703 obsequi,

377 1741 441 1788 et
469 1733 580 1788 tibi
611 1732 768 1787 bene
800 1750 930 1786 esse
961 1730 1090 1800 soli,
1121 1731 1233 1786 sibi
1264 1750 1444 1799 quom
1476 1733 1554 1785 sit
1582 1730 1753 1784 male.

377 1848 490 1897 ego
522 1831 659 1896 quia
689 1846 811 1882 non
842 1826 1024 1882 rediit
1055 1825 1208 1881 filius
1240 1845 1393 1895 quae
1426 1826 1654 1894 cogito!

376 1925 590 1994 quibus
621 1942 782 1978 nunc
813 1921 1098 1978 sollicitor
1130 1922 1337 1977 rebus!
1386 1940 1463 1976 ne
1496 1928 1600 1976 aut
1632 1920 1732 1975 ille
1765 1920 1969 1975 alserit

378 2028 483 2076 aut
514 2022 744 2088 uspiam
775 2017 1064 2073 ceciderit
1094 2024 1198 2072 aut
1230 2016 1629 2085 praefregerit

376 2115 617 2184 aliquid.
697 2113 829 2181 vah,
861 2133 1305 2182 quemquamne
1341 2112 1649 2166 hominem
1681 2116 1741 2166 in
1772 2115 1971 2166 animo
2001 2114 2089 2166 in-

461 2215 713 2267 stituere
743 2217 848 2264 aut

378 2325 583 2376 parare
615 2303 774 2373 quod
807 2307 884 2359 sit
915 2308 1105 2358 carius
1138 2323 1315 2371 quam
1349 2306 1473 2371 ipse
1507 2309 1600 2357 est
1631 2302 1770 2356 sibi!

377 2410 558 2471 atque
580 2421 652 2456 ex
678 2420 774 2454 me
800 2399 896 2453 hic
921 2406 1098 2454 natus
1122 2418 1243 2452 non
1269 2405 1380 2466 est,
1401 2396 1508 2453 sed
1528 2416 1601 2452 ex
1623 2396 1823 2452 fratre.
1871 2399 1920 2451 is
1940 2395 2090 2450 adeo

378 2495 647 2554 dissimili
679 2494 938 2550 studiost
968 2497 1087 2547 iam
1118 2492 1259 2548 inde
1291 2493 1367 2547 ab
1397 2491 1836 2547 adulescentia:

377 2612 490 2662 ego
519 2590 674 2646 hanc
706 2590 1072 2645 clementem
1104 2592 1289 2643 vitam
1320 2588 1608 2643 urbanam
1638 2594 1821 2655 atque
1852 2589 2040 2640 otium

377 2694 617 2745 secutus
648 2705 779 2741 sum
810 2691 894 2754 et,
925 2683 1086 2753 quod
1118 2682 1493 2738 fortunatum
1523 2685 1621 2738 isti
1653 2688 1892 2751 putant,

375 2802 623 2840 uxorem
654 2798 983 2849 numquam
1013 2778 1210 2834 habui.
1288 2778 1391 2834 ille
1424 2784 1633 2833 contra
1662 2776 1811 2832 haec
1844 2779 2071 2831 omnia:

376 2882 496 2934 ruri
527 2895 707 2946 agere
739 2879 956 2941 vitam3
1001 2892 1240 2943 semper
1269 2892 1447 2942 parce
1476 2892 1545 2928 ac
1576 2871 1807 2927 duriter

377 2993 439 3030 se
471 2972 726 3037 habere3
771 2989 1018 3025 uxorem
1049 2968 1254 3035 duxit3
1298 2971 1425 3023 nati
1457 2967 1559 3022 filii

375 3069 524 3125 duo:
569 3066 711 3122 inde
745 3084 858 3134 ego
889 3064 1049 3120 hunc
1078 3067 1364 3119 maiorem
1395 3062 1674 3132 adoptavi
1704 3061 1884 3130 mihi3

377 3170 497 3218 9‘20

2222 1353 2296 1402 30

2220 2403 2294 2450 40
