2352 3724
74 351 161 406 So.

78 434 175 488 IV.
210 437 249 487 ii

79 1843 232 1898 Pam.

78 2421 149 2479 So

632 227 988 287 PUBLIUS
1033 229 1505 289 TERENTIUS
1549 232 1768 288 AFER

343 349 480 404 Non
512 345 787 404 clam‘me
813 357 924 418 est,
948 357 1135 418 gnate
1157 355 1260 419 mi,
1285 352 1397 406 tibi
1420 371 1518 408 me
1543 371 1672 408 esse
1696 363 2055 424 suspectam,

421 451 666 487 uxorem
698 439 863 486 tuam

341 521 586 584 propter
603 534 769 569 meos
787 534 983 570 mores
1004 515 1144 570 hinc
1163 517 1375 586 abisse,
1398 521 1511 573 etsi
1532 537 1602 573 ea
1621 518 1955 575 dissimulas
1979 521 2201 576 sedulo,

342 618 546 653 verum
577 602 662 652 ita
691 618 788 652 me
820 597 881 652 di
910 607 1119 654 ament
1141 604 1345 668 itaque
1370 605 1693 670 optingant
1717 621 1789 657 ex
1816 612 1879 659 te
1904 624 2055 672 quae

422 687 706 750 exoptem
735 684 838 749 mi,
870 684 960 736 uti

340 783 666 832 numquam
686 767 879 819 sciens
899 769 1245 833 commerui,
1265 770 1483 821 merito
1502 774 1571 822 ut
1591 775 1835 836 caperet
1854 768 2055 824 odium
2146 776 2262 824 580

420 847 586 901 illam
613 850 751 902 mei.

324 937 504 999 teque
523 937 668 985 ante
688 928 850 998 quod
862 948 960 984 me
980 949 1180 985 amare
1200 931 1392 998 rebar,
1410 935 1464 986 ei
1480 935 1565 986 rei
1581 930 1827 988 firmasti
1840 932 2053 1000 fidem;

339 1033 478 1067 nam
513 1016 596 1067 mi
631 1016 796 1068 intus
831 1020 967 1068 tuos
1006 1020 1179 1082 pater
1210 1017 1471 1069 narravit
1500 1013 1698 1083 mod0,
1731 1034 1849 1084 quo
1879 1024 2056 1084 pacto

422 1114 521 1150 me
551 1094 831 1151 habueris

339 1182 740 1248 praepositam
796 1181 982 1233 amori
1039 1186 1147 1235 tuo
1169 1197 1184 1235 t
1241 1198 1403 1234 nunc
1453 1180 1565 1234 tibi
1615 1199 1714 1235 me
1768 1188 2060 1236 certumst

422 1268 632 1315 contra
658 1265 911 1329 gratiam

340 1343 585 1412 referre,
610 1351 680 1399 ut
697 1343 859 1412 apud
877 1363 975 1399 me
995 1348 1327 1413 praemium
1349 1364 1477 1400 esse
1501 1349 1761 1414 positum
1783 1349 1995 1414 pietati
2015 1349 2177 1402 scias.

342 1431 421 1481 mi
476 1425 808 1495 Pamphile,
855 1425 971 1481 hoc
1023 1434 1086 1482 et
1137 1428 1302 1482 vobis
1351 1435 1415 1483 et
1461 1447 1631 1483 meae
1681 1427 2057 1483 commodum

408 1510 601 1565 famae
631 1511 921 1564 arbitror:

343 1612 455 1662 ego
477 1613 573 1648 rus
591 1612 690 1647 me
704 1593 1002 1648 abituram
1019 1591 1162 1647 hinc
1177 1611 1307 1648 esse
1328 1611 1464 1648 cum
1477 1600 1584 1648 tuo
1599 1600 1765 1648 certo
1778 1592 2017 1648 decrevi
2032 1600 2221 1662 patre,

343 1696 418 1731 ne
439 1695 573 1731 mea
590 1679 932 1744 praesentia
949 1675 1151 1731 obstet
1162 1694 1281 1730 neu
1297 1694 1472 1731 causa
1483 1675 1604 1731 ulla
1617 1683 1806 1731 restet
1818 1675 2058 1743 relicua,

342 1763 486 1829 quin
516 1767 622 1814 tua
655 1758 1011 1814 Philumena
1039 1758 1117 1814 ad
1145 1766 1210 1813 te
1240 1758 1466 1813 redeat.

1140 1861 1361 1909 quaeso
1391 1840 1536 1910 quid
1566 1845 1719 1896 istuc
1750 1841 2060 1896 consilist?

342 1924 600 1980 stultitia
617 1923 777 1979 illius
795 1927 954 1979 victa
973 1942 1047 1980 ex
1066 1925 1213 1979 urbe
1233 1932 1301 1980 tu
1321 1944 1419 1980 rus
1438 1924 1776 1979 habitatum
1796 1929 2016 1993 migres
2037 1924 2059 1979 ?

343 2006 504 2063 haud
533 2006 735 2075 facies,
767 2026 966 2075 neque
996 2010 1187 2063 sinam
1218 2015 1286 2063 ut
1317 2011 1418 2076 qui
1446 2008 1640 2077 nobis,
1667 2015 1882 2076 mater,
1902 2007 2060 2062 male
2149 2012 2266 2070 590

426 2090 654 2146 dictum
693 2090 859 2158 velit,

344 2194 477 2228 mea
506 2177 838 2242 pertinacia
868 2191 998 2228 esse
1029 2171 1191 2227 dicat
1222 2172 1470 2241 factum,
1500 2170 1663 2228 haud
1692 2179 1798 2228 tua
1825 2170 2135 2227 modestia.

343 2264 475 2312 tum
496 2264 631 2312 tuas
652 2259 871 2310 amicas
893 2262 959 2310 te
982 2262 1047 2310 et
1070 2263 1356 2323 cognatas
1378 2254 1659 2311 deserere
1683 2261 1747 2310 et
1770 2253 1955 2310 festos
1986 2254 2113 2309 dies

341 2358 478 2396 mea
504 2357 680 2394 causa
708 2338 862 2392 nolo,

720 2421 804 2475 nil
836 2425 953 2474 iam
984 2424 1134 2475 istae
1164 2439 1259 2475 res
1289 2419 1436 2474 mihi
1468 2419 1792 2488 voluptatis
1823 2419 2058 2474 ferunt:

341 2503 489 2561 dum
504 2507 721 2559 aetatis
739 2511 981 2572 tempus
1004 2502 1167 2571 tulit,
1191 2502 1510 2571 perfuncta
1532 2506 1674 2558 satis
1696 2521 1858 2557 sum:
1882 2505 2059 2558 satias

424 2592 542 2642 iam
564 2593 739 2641 tenet

340 2669 675 2727 studiorum
697 2673 963 2725 istorum.
1013 2667 1162 2723 haec
1184 2666 1332 2722 mihi
1357 2686 1518 2722 nunc
1541 2673 1739 2722 curast
1761 2684 2059 2734 maxuma,

424 2761 493 2809 ut
521 2771 600 2808 ne
631 2755 771 2821 quoi
799 2769 935 2806 mea

338 2835 747 2905 longinquitas
769 2837 985 2889 aetatis
1010 2833 1212 2887 obstet
1234 2838 1567 2887 mortemve
1591 2837 1878 2900 expectet
1899 2848 2112 2885 meam.

341 2918 437 2975 hic
475 2917 652 2973 video
689 2935 789 2973 me
829 2934 960 2972 esse
998 2918 1250 2971 invisam
1292 2917 1607 2970 inmerito:
1648 2919 1920 2982 tempust
1956 2930 2056 2967 me

419 3000 769 3056 concedere.

337 3088 419 3140 sic
433 3092 701 3153 optume,
714 3089 784 3138 ut
802 3101 917 3150 ego
929 3084 1161 3150 opinor,
1172 3083 1364 3135 omnis
1379 3098 1582 3139 causas
1593 3077 1934 3147 praecidam
1947 3076 2248 3144 omnibu83

345 3174 367 3222 1
381 3173 457 3223 82
