2352 3724
74 445 210 501 Pam

71 490 283 599 Lac-lies

75 969 195 1025 Plu.

78 1066 227 1120 Pam.

76 1160 286 1216 Laches

79 1341 229 1395 Pam.

77 1435 287 1492 Laches

77 1615 228 1670 Pam.

75 2042 284 2099 Laches

74 2303 191 2361 Phi.

630 230 984 288 PUBLIUS
1030 231 1500 291 TERENTIUS
1547 235 1762 291 AFER

335 350 512 408 video
543 371 688 408 esse.

699 448 918 505 mene?

923 551 987 600 te
1018 547 1244 614 ipsum:
1290 552 1354 602 et
1384 544 1528 603 facis
1558 549 1866 604 iniuriam:

337 625 627 695 confingis
658 625 834 682 falsas
867 647 1070 683 causas
1101 628 1175 683 ad
1210 628 1585 698 discordiam,

338 716 408 764 ut
428 729 563 764 cum
584 709 686 764 illa
707 714 865 765 vivas
872 755 886 779 ,
907 718 1132 766 testem
1151 711 1307 766 hanc
1328 732 1507 781 quom
1529 714 1633 768 abs
1657 721 1719 768 te
1744 717 2049 770 amoveris.

338 796 647 861 sensitque
679 793 831 848 adeo
862 813 1041 860 uxor3
1087 815 1226 849 nam
1258 799 1313 850 ei
1346 815 1521 851 causa
1551 796 1665 850 alia
1695 816 1847 864 quae
1879 796 2014 865 fuit,

336 894 515 944 quam
546 876 623 931 ob
653 895 781 931 rem
810 877 914 932 abs
944 885 1007 932 te
1039 878 1269 932 abiret?

1034 972 1213 1041 plane
1245 972 1342 1027 hic
1373 973 1632 1029 divinat:
1678 994 1818 1028 nam
1848 973 1910 1029 id
1941 981 2048 1030 est.

338 1065 493 1120 dabo
527 1070 614 1121 ius
645 1065 963 1122 iurandum
995 1067 1079 1121 nil
1112 1087 1240 1122 esse
1272 1071 1523 1123 istorum
1551 1068 1716 1122 mihi.

1725 1163 1821 1231 ah,

337 1244 602 1300 redduce
624 1265 892 1314 uxorem,
913 1253 1018 1301 aut
1037 1266 1215 1314 quam
1236 1246 1313 1301 ob
1332 1266 1460 1301 rem
1479 1266 1602 1301 non
1622 1266 1769 1316 opus
1789 1251 1866 1302 sit
1887 1247 2050 1303 cedo.

340 1359 462 1395 non
495 1347 587 1396 est
617 1360 779 1396 nunc
811 1348 1066 1410 tempus.

947 1456 1200 1506 puerum
1231 1440 1484 1506 accipias
1502 1455 1515 1503 ;
1561 1457 1699 1491 nam
1732 1440 1779 1493 is
1810 1436 2055 1506 quidem

337 1523 399 1574 in
432 1519 605 1589 culpa
636 1539 756 1574 non
790 1527 912 1575 est:
958 1528 1094 1589 post
1124 1520 1200 1575 de
1232 1528 1424 1575 matre
1457 1519 1674 1575 videro.

339 1615 696 1670 omnimodis
729 1635 842 1683 ego
873 1619 1053 1670 miser
1083 1635 1214 1671 sum
1245 1635 1357 1670 nec
1389 1615 1534 1684 quid
1564 1635 1735 1683 agam
1775 1619 1924 1671 scio:

337 1705 429 1753 tot
459 1719 555 1753 1116
587 1718 747 1753 1111116
777 1699 955 1754 rebus
983 1702 1269 1754 miserum
1300 1698 1606 1753 concludit
1635 1706 1821 1767 pater.

336 1782 512 1836 abibo
542 1781 703 1849 111116,
735 1801 1017 1850 praesens
1048 1781 1288 1850 quando
1319 1801 1639 1850 promoveo
1669 1801 1892 1850 parum.

337 1885 475 1919 nam
508 1884 762 1933 puerum
791 1869 1018 1920 iniussu
1050 1864 1229 1920 credo
1260 1884 1381 1919 non
1411 1864 1589 1920 tollet
1617 1884 1773 1933 11160,

338 1951 690 2016 praesertim
721 1952 783 2002 in
815 1968 886 2003 ea
915 1968 979 2003 re
1011 1967 1190 2016 quom
1223 1951 1300 2003 sit
1330 1951 1412 2002 mi
1442 1947 1702 2003 adiutrix
1733 1965 1948 2003 socrus·

336 2042 530 2111 fugis?
575 2042 737 2110 116111,
765 2062 877 2097 1166
908 2046 1228 2111 quicquam
1259 2045 1408 2097 certi
1432 2041 1759 2111 respondes
1782 2041 1930 2097 mihi
1946 2042 2053 2096 ?—-

337 2146 478 2180 num
513 2127 623 2181 tibi
658 2126 895 2180 videtur
927 2145 1054 2181 csse
1087 2125 1246 2194 apud
1278 2126 1446 2180 sese?
1492 2129 1653 2180 sine:

337 2228 611 2279 puerum,
648 2208 961 2278 Phidippe,
995 2208 1142 2263 mihi
1175 2207 1355 2263 cedo:
1401 2227 1515 2276 ego
1545 2207 1717 2263 alam.

1712 2322 2008 2360 maxume.

332 2407 454 2442 non
485 2390 700 2442 mirum
734 2386 880 2442 fecit
910 2406 1077 2455 uxor,
1109 2389 1156 2442 si
1187 2385 1302 2441 hoc
1333 2405 1513 2454 aegre
1544 2385 1718 2441 tulit:

333 2490 568 2525 amarae
598 2469 881 2525 mulieres
912 2477 1072 2538 sunt,
1104 2489 1226 2524 non
1258 2469 1433 2524 facile
1464 2468 1614 2524 haec
1645 2468 1864 2523 ferunt.

333 2561 654 2623 propterea
684 2553 833 2608 haec
864 2556 1038 2618 irast3
1083 2572 1223 2607 nam
1253 2556 1381 2621 ipsa
1409 2555 1672 2606 narravit
1701 2550 1865 2605 mihi.

332 2636 395 2692 id
425 2656 538 2705 ego
569 2635 682 2691 hoc
713 2643 1032 2705 praesente
1062 2636 1175 2691 tibi
1204 2634 1516 2690 nolueram
1546 2633 1767 2701 dicere,

332 2739 530 2788 neque
563 2719 648 2773 illi
682 2719 1001 2774 credebam
1033 2722 1256 2788 primo:
1300 2737 1463 2773 nunc
1494 2736 1701 2772 verum
1732 2715 2001 2785 palamst.

332 2822 471 2858 nam
497 2806 740 2857 omnino
764 2802 1085 2857 abhorrere
1110 2805 1377 2855 animum
1396 2800 1536 2855 huic
1556 2799 1731 2855 video
1749 2819 1784 2853 a
1802 2802 2044 2867 nuptiis·

70 2898 278 2955 Laches
329 2897 475 2968 quid
506 2918 650 2966 ergo
680 2917 874 2966 agam,
910 2896 1243 2965 Phidippe?
1288 2894 1432 2964 quid
1463 2895 1568 2950 das
1599 2893 1843 2949 consili?

71 2993 188 3050 Phi.

334 2993 480 3063 quid
526 2993 706 3061 agas?
765 2996 1148 3047 meretricem
1198 2990 1354 3045 hanc
1402 2993 1660 3058 primum
1708 2987 2046 3043 adeundam

412 3095 658 3131 censeo:

334 3175 448 3233 192

2144 1523 2260 1579 700

2138 2474 2255 2529 710
