2352 3724
633 253 982 310 l'UBLIUS
1026 254 1497 312 TERENTIUS
1543 256 1759 310 AFER

334 394 516 444 quom
544 381 613 430 tu
644 374 857 429 horum
887 373 972 428 nil
1002 372 1264 442 refelleS,
1293 378 1529 430 vincam
1560 375 1805 433 scilicet.

334 465 508 527 pater
535 457 760 512 aderit:
790 456 940 511 mihi
968 464 1210 526 paratae
1241 457 1410 513 lites:
1441 458 1586 527 quid
1615 460 1787 514 mea?

335 540 438 596 illa
467 540 712 610 quidem
742 547 946 595 nostra
977 539 1150 595 erit.’'

76 625 265 680 Davos
1165 623 1486 679 iocularem
1516 623 1841 681 audaciam.

74 707 216 763 Geta
334 713 743 777 persuasumst
771 705 1030 761 homini:
1063 705 1379 761 factumst:
1411 714 1749 763 ventumst:
1780 711 2103 764 vincimur:

337 790 527 846 duxit.

71 873 263 930 Davos
515 871 661 942 quid
691 873 930 927 narras?

72 957 214 1013 Geta
922 954 1036 1010 hoc
1067 953 1227 1023 quod
1255 954 1440 1010 audis.

74 1041 260 1096 Davo:
1447 1057 1482 1093 o
1514 1037 1692 1107 Geta,

334 1122 478 1192 quid
508 1130 572 1179 te
603 1121 970 1178 futurumst?

71 1207 213 1263 Geta
963 1208 1166 1259 nescio
1194 1203 1430 1270 hercle3
1460 1224 1648 1259 unum
1678 1204 1791 1259 hoc
1821 1209 1962 1274 scie,

333 1289 494 1359 quod
524 1288 644 1344 fors
675 1287 833 1344 feret
863 1286 1127 1343 feremus
1155 1306 1347 1355 aequo
1377 1291 1592 1342 animo.

68 1373 260 1430 Davos
1590 1368 1818 1438 placet:

332 1476 450 1526 em,
478 1460 632 1511 istuc
662 1458 831 1509 virist
859 1453 1131 1509 officium.

69 1541 212 1597 Geta
1128 1541 1187 1590 in
1222 1557 1317 1591 mc
1350 1540 1542 1591 omnis
1571 1555 1706 1604 spes
1735 1535 1955 1592 mihist.

68 1625 258 1679 Davos
328 1622 522 1679 laudo,

69 1707 211 1763 Geta
544 1705 620 1761 ad
638 1712 1026 1799 precatorem
1053 1703 1267 1759 adeam
1298 1701 1478 1758 credo
1509 1705 1609 1770 qui
1639 1701 1784 1755 mihi
2144 1708 2254 1758 140

329 1794 412 1846 sic
442 1797 604 1845 oret:
687 1808 848 1843 nunc
878 1791 1092 1842 amitte
1123 1805 1344 1855 quaeso
1374 1785 1566 1851 hunc;
1598 1792 1868 1840 ceterum

329 1873 578 1942 posthac
610 1876 658 1927 si
688 1875 1027 1965 quicquam,
1057 1869 1143 1924 nil
1173 1867 1442 1938 precor.’'
1530 1874 1770 1923 tantum
1800 1866 1978 1922 modo

328 1976 451 2011 non
480 1955 679 2011 addit:
763 1955 866 2010 ubi
898 1973 1013 2022 ego
1043 1952 1184 2007 hinc
1215 1953 1437 2019 abierO,
1469 1950 1565 2006 vel
1596 1948 1910 2005 occidit0.'’

64 2040 255 2096 Davos
327 2039 471 2109 quid
503 2038 886 2107 paedagogus
917 2036 1018 2092 ille
1050 2039 1153 2104 qui
1182 2033 1642 2090 citharistriam?

328 2122 473 2191 quid
503 2126 589 2177 rei
619 2122 817 2189 gerit?

65 2207 207 2263 Geta
819 2207 922 2270 sie,
951 2205 1235 2257 tenuiter.

61 2290 255 2346 Davos
1253 2302 1375 2338 non
1404 2281 1664 2337 multum
1693 2279 1881 2338 habet

325 2371 486 2441 quod
515 2370 624 2426 det
652 2369 940 2425 fortasse?

63 2457 205 2513 Geta
940 2455 1123 2506 immo
1153 2447 1239 2504 nil
1268 2451 1382 2504 nisi
1410 2466 1581 2517 spem
1609 2465 1852 2503 meram.

63 2540 252 2595 Davos
322 2544 496 2607 pater
526 2540 654 2592 eius
682 2534 865 2591 rediit
892 2554 970 2589 an
1001 2534 1160 2588 non?

61 2622 203 2680 Θεία
1159 2613 1444 2670 nondum.

59 2706 251 2762 Davos
1456 2693 1638 2764 quid?
1666 2712 1875 2750 senem

323 2786 519 2857 quoad
550 2788 912 2855 exspectatis
942 2781 1252 2838 vostrum?

61 2871 204 2928 Θεία
1242 2881 1363 2916 non
1394 2867 1627 2916 certum
1656 2862 1796 2926 sci0,

321 2952 428 3008 sed
458 2950 778 3021 epistulam
806 2949 882 3004 ab
913 2967 985 3004 eo
1013 2946 1275 3002 adlatam
1307 2962 1435 2999 esse
1465 2942 1665 2997 audivi
1693 2939 1871 2995 modo

321 3043 385 3091 et
413 3034 491 3090 ad
520 3037 840 3104 portitores
869 3049 1000 3088 esse
1029 3028 1324 3086 delatam:
1354 3025 1509 3080 hanc
1539 3029 1758 3093 petam.
2128 3028 2237 3079 150

326 3206 398 3257 18
