2352 3724
655 257 753 313 PU
764 257 899 311 BLI
909 258 1008 314 US
1054 258 1160 313 TE
1171 259 1527 316 RENTIUS
1575 259 1793 316 AFEH.

97 374 182 431 So.
354 395 478 431 non
506 395 643 431 mea
672 395 854 446 opera
882 396 1082 445 neque
1114 377 1213 447 pol
1244 378 1420 448 culpa
1450 383 1670 435 evenit.

100 481 316 543 Laches
1559 491 1744 543 immo
1772 508 2084 546 maxume:

358 591 482 647 sola
504 590 602 646 hie
627 591 825 647 fuisti:
848 596 909 647 in
935 600 999 649 te
1024 597 1216 649 omnis
1241 593 1453 650 haeret
1477 594 1654 665 culpa
1676 595 1818 664 sola,
1846 598 2127 654 Sostrata.

359 719 513 769 quae
554 699 652 755 hie
697 707 871 756 erant
916 720 1173 770 eurareS,
1205 721 1387 771 quom
1433 721 1548 770 ego
1592 721 1694 758 vos
1738 707 1893 758 curis
1937 703 2084 759 solvi
2171 709 2290 760 230

443 811 676 863 ceteris,

359 936 493 970 cum
527 915 727 984 puella
756 937 939 973 anum
969 920 1299 988 suscepisse
1329 921 1671 974 inimicitias
1701 938 1821 974 non
1855 918 2082 988 pudet?

360 1023 517 1078 illius
549 1023 711 1079 dices
742 1024 918 1094 eulpa
947 1024 1214 1080 factum?

95 1119 181 1173 So.
1050 1120 1211 1175 haud
1238 1120 1520 1188 equidem
1545 1119 1699 1191 dico,
1723 1125 1804 1176 mi
1834 1120 2078 1177 Laches.

99 1213 308 1268 Laches
357 1212 613 1281 gaudeO,
645 1217 731 1269 ita
765 1234 863 1270 me
896 1214 956 1269 di
988 1223 1214 1283 ament,
1247 1219 1417 1283 gnati
1463 1235 1668 1283 eausa3
1713 1235 1851 1270 nam
1899 1215 1975 1271 de
2018 1223 2084 1272 te

442 1308 689 1377 quidem

359 1408 502 1460 satis
534 1408 654 1458 seio
686 1404 993 1473 peccando
1023 1404 1378 1461 detrimenti
1411 1405 1537 1461 fieri
1567 1405 1652 1460 nil
1683 1413 1900 1475 potest.

95 1499 183 1555 So,
358 1502 461 1568 qui
480 1503 593 1555 seis
616 1519 693 1554 an
719 1519 790 1555 ea
813 1519 1006 1569 causa,
1031 1503 1114 1555 mi
1139 1503 1245 1568 vir,
1271 1520 1369 1555 me
1395 1499 1590 1556 odisse
1614 1500 2081 1570 adsimulaverit,

359 1602 428 1650 ut
458 1614 595 1650 cum
624 1602 818 1651 matre
849 1594 983 1664 plus
1012 1615 1133 1650 una
1163 1597 1360 1651 esset?

98 1689 308 1746 Laches
1057 1690 1202 1759 quid
1225 1691 1347 1745 ais?
1379 1711 1499 1745 non
1524 1694 1678 1758 signi
1710 1690 1823 1746 hoc
1853 1698 1944 1746 sat
1969 1698 2079 1759 est,

358 1784 519 1854 quod
563 1784 693 1840 heri
738 1804 920 1841 nemo
949 1784 1139 1841 voluit
1170 1790 1467 1841 visentem
1511 1786 1588 1840 ad
1638 1806 1770 1841 eam
1813 1793 1878 1842 te
1921 1789 2082 1841 intro

440 1880 766 1936 admittere
783 1881 805 1934 ?

92 1975 181 2031 So.
357 1979 519 2031 enim
550 1975 763 2030 lassam
787 1975 1009 2045 oppido
1031 1982 1164 2031 tum
1189 1994 1318 2031 esse
1341 1975 1577 2031 aibant:
1610 1995 1681 2031 eo
1703 1974 1780 2030 ad
1805 1994 1936 2031 eam
1960 1993 2081 2030 non

442 2070 700 2126 admissa
729 2090 876 2126 sum.

94 2165 309 2223 Laches
356 2173 492 2222 tuos
517 2185 646 2221 esse
679 2185 794 2234 ego
823 2165 908 2220 illi
939 2185 1135 2221 mores
1164 2165 1438 2220 morbum
1470 2168 1660 2232 magis
1692 2184 1869 2233 quam
1900 2164 2083 2220 ullam

440 2260 617 2315 aliam
649 2280 774 2316 rem
806 2261 1079 2327 arbitror,

359 2365 424 2412 et
446 2359 663 2411 merito
687 2355 870 2422 ade03
893 2376 1032 2410 nam
1059 2362 1388 2411 vostrarum
1412 2354 1636 2410 nullast
1659 2357 1804 2423 quin
1827 2361 2079 2423 gnatum

423 2450 571 2507 velit
2167 2454 2283 2504 240

356 2545 578 2602 ducere
598 2565 845 2602 uxorem
863 2565 877 2613 ;
898 2553 961 2601 et
981 2565 1134 2615 quae
1154 2545 1319 2600 vobis
1340 2543 1618 2614 placitast
1637 2542 1908 2599 condicio
1927 2542 2104 2598 datm·
2121 2563 2132 2598 ε

356 2642 458 2697 ubi
502 2640 730 2697 duxere
774 2641 1016 2710 inpulsu
1060 2647 1280 2708 vostr0‚
1311 2646 1511 2695 vostro
1554 2637 1796 2708 inpulsu
1837 2637 2077 2693 easdem

440 2739 708 2804 exigunt.

92 2831 214 2888 Phi.
361 2831 492 2888 Etsi
513 2835 635 2887 scio
660 2850 792 2900 eg0,
821 2829 1198 2899 Philumena,
1221 2849 1426 2885 meum
1449 2832 1539 2884 ius
1564 2847 1693 2884 esse
1719 2834 1789 2883 ut
1810 2834 1875 2883 te
1904 2847 2111 2895 cogam

93 2927 217 2983 ILii
353 2944 507 2996 quae
539 2945 654 2995 ego
682 2929 977 2995 imperem
1007 2923 1226 2993 facere,
1258 2943 1373 2992 ego
1402 2930 1609 2978 tamen
1646 2925 1839 2990 patrio
1878 2925 2078 2976 animo

441 3025 631 3076 victus
662 3019 878 3076 faciam

351 3124 421 3173 ut
450 3117 560 3174 tibi
593 3115 941 3184 concedam,
970 3134 1170 3183 neque
1200 3121 1341 3169 tuae
1373 3111 1626 3168 lubidini
1658 3111 2027 3166 adversabor.

359 3197 473 3253 146
