2352 3724
122 422 140 473 Ι
148 423 267 475 'am

119 502 324 558 Laches

120 586 233 641 Phi.

122 919 330 974 Laches

127 1340 146 1390 l
158 1335 244 1391 ²!sz

129 1503 280 1558 Pam.

134 1667 340 1724 Las-hes

133 1753 282 1808 Pam.

136 1835 342 1890 Laches

137 2087 287 2141 Pam..

138 2168 346 2224 Laches

142 2337 290 2394 Pam.

139 2832 352 2890 Laches

666 212 1021 270 PUBLIUS
1066 210 1538 267 TERENTIUS
1583 210 1800 266 AFER

371 339 626 404 accipias
659 352 928 403 puerum.

942 418 1131 470 sensit
1160 417 1496 484 peperisse:
1543 411 1748 468 occidi.

376 499 671 571 puerum?
715 518 898 569 quem
929 498 1222 567 puerum?

1227 586 1405 634 natus
1437 586 1530 633 est
1559 570 1963 647 nobisnepos.

378 687 516 722 nam
540 665 799 721 abducta
830 684 864 718 a
895 664 1059 718 vobis
1093 682 1385 731 praegnas
1417 661 1614 716 fuerat
1645 661 1781 728 filia,

380 769 578 818 neque
611 749 791 804 fuisse
824 754 1219 816 praegnatem
1250 764 1535 813 umquam
1572 752 1715 799 ante
1756 744 1915 798 hunc
1952 746 2093 798 scivi

465 833 642 888 diem.

381 918 559 984 bene,
591 920 676 970 ita
705 933 802 969 me
833 912 894 968 di
925 919 1152 979 ament,
1184 914 1446 978 nuntias,
1479 917 1542 964 et
1571 908 1808 977 gaudeo

381 1007 592 1055 natum
616 998 786 1052 illum
811 1003 873 1051 et
897 996 1008 1050 tibi
1031 994 1195 1048 illam
1219 993 1456 1048 salvam.
1535 992 1641 1047 sed
1665 991 1807 1060 quid
1831 991 2099 1047 mulieri-s

383 1102 631 1139 uxorem
662 1081 847 1134 habes
877 1086 982 1133 aut
1012 1078 1227 1145 quibus
1258 1083 1549 1131 moratam
1579 1075 1879 1129 moribus?

384 1184 572 1221 nosne
605 1162 973 1218 hoc'celatos
1003 1168 1127 1216 tam
1160 1159 1292 1214 diu!
1339 1177 1577 1226 nequeo
1607 1161 1768 1224 satiS,

384 1268 563 1319 quam
596 1247 708 1301 hoc
738 1245 886 1299 mihi
916 1243 1158 1298 videtur
1187 1242 1412 1297 factum
1450 1259 1647 1309 prave,
1680 1239 1967 1309 proloqui.

392 1351 514 1388 non
566 1331 677 1385 tibi
733 1328 880 1383 illud
929 1326 1156 1382 factum
1207 1329 1405 1380 minus
1453 1324 1654 1392 placet
1700 1342 1878 1391 quam
1929 1320 2097 1389 mihi,

474 1413 720 1469 Laches.

390 1502 574 1555 etiam
606 1501 653 1552 si
684 1494 913 1551 dudum
944 1492 1143 1548 fuerat
1171 1491 1518 1558 ambiguom
1549 1488 1661 1543 hoc
1691 1487 1859 1556 mihi,

390 1601 551 1637 nunc
581 1600 703 1634 non
735 1586 845 1646 est,
880 1596 1061 1645 quom
1093 1595 1224 1630 eam
1256 1577 1527 1642 sequitur
1556 1572 1787 1626 alienus
1815 1588 1980 1640 puer.

390 1665 556 1720 nulla
586 1664 716 1731 tibi,
752 1659 1083 1718 Pamnhile.
1117 1658 1213 1712 hic
1243 1661 1360 1711 iam
1393 1654 1828 1713 concultatiost.

392 1752 556 1819 perii.

571 1830 734 1884 hunc
765 1826 969 1882 videre
1001 1843 1178 1893 saepe
1211 1823 1565 1892 optabamus
1595 1819 1778 1888 diem,

395 1934 576 1984 quom
608 1932 681 1968 ex
711 1919 775 1967 te
807 1916 967 1966 esset
996 1907 1228 1976 aliquiS,
1260 1909 1361 1974 qui
1391 1912 1456 1960 te
1486 1902 1822 1973 appellaret
1851 1908 2099 1972 patrem.

397 2000 632 2054 evenit:
676 1995 871 2050 habeo
901 1994 1158 2061 gratiam
1189 1989 1294 2044 dis.

1292 2070 1493 2125 nullus
1523 2089 1670 2125 sum.

394 2163 624 2221 redduc
654 2179 902 2216 uxorem
933 2177 1002 2212 ac
1031 2155 1155 2211 noli
1186 2154 1485 2209 advorsari
1514 2151 1679 2207 mihi.

399 2338 591 2402 pater,
624 2332 669 2382 si
704 2346 775 2381 ex
808 2344 905 2379 me
937 2323 1038 2377 illa
1068 2322 1288 2376 liberos
1318 2319 1505 2374 vellet
1534 2319 1645 2373 sibi

401 2422 505 2469 aut
536 2433 597 2467 se
630 2429 759 2465 esse
788 2426 1028 2463 mecum
1057 2411 1330 2473 nuptam,
1363 2405 1504 2457 satis
1535 2407 1701 2455 certo
1731 2403 1870 2466 sci0,

401 2517 523 2553 non
554 2495 707 2549 clam
735 2510 834 2547 me
864 2490 1119 2544 haberet
1149 2485 1310 2556 quod
1340 2484 1563 2540 celasse
1594 2482 1900 2549 intellego

401 2599 564 2636 nunc
583 2596 764 2646 quom
788 2578 914 2630 eius
937 2572 1201 2627 alienum
1224 2589 1259 2624 a
1275 2587 1374 2623 me
1394 2586 1523 2623 esse
1546 2570 1811 2620 animum
1835 2566 2174 2618 sentiam—-

402 2681 599 2717 —nec
630 2664 1068 2715 conventurum
1097 2658 1259 2708 inter
1286 2670 1395 2706 nos
1424 2649 1674 2719 posthac
1704 2648 2060 2713 arbit1·or,—-

402 2765 582 2816 quam
612 2744 688 2799 ob
717 2761 846 2797 rem
875 2735 1239 2794 redducam?

1235 2823 1431 2872 mater
1459 2812 1620 2883 quod
1650 2816 1834 2868 suasit
1865 2829 1988 2876 sua,

401 2911 755 2969 adulescens
783 2904 1001 2961 mulier
1030 2902 1192 2957 fecit.
1282 2896 1703 2954 mirandumne
1735 2894 1795 2948 id
1828 2893 1960 2948 est?

403 3013 625 3051 censen
657 2999 721 3046 te
751 3007 924 3059 posse
954 2988 1219 3055 reperire
1249 2982 1434 3037 ullam
1463 2979 1799 3043 mulierem,

403 3096 555 3148 quae
587 3080 788 3130 careat
819 3070 1028 3139 culpa?
1073 3087 1151 3122 an
1182 3070 1283 3135 qui
1314 3083 1437 3119 non
1467 3061 1783 3117 delincunt
1814 3056 1961 3113 viri?

409 3167 520 3218 188

2182 657 2299 715 640

2189 1647 2306 1707 650

2202 2803 2322 2862 660
