2404 3704
141 503 315 560 Micio

141 602 185 654 A
195 621 263 655 es.

139 695 308 764 Syrus

142 790 185 845 Α
196 811 265 845 eS.

142 885 316 941 Micio

143 982 353 1037 Demea

140 1078 311 1146 Syrus

142 1174 189 1227 A
199 1194 267 1228 es.

143 1267 318 1323 Micio

153 1530 355 1586 Demea

149 2711 202 2765 Α
212 2728 291 2765 es·

155 2884 366 2940 Demea

155 3049 330 3104 Micio

160 3145 366 3202 Cantor

801 298 1157 355 PUBLIUS
1200 297 1672 355 TERENTIUS
1716 297 1934 353 AFER

403 419 664 489 dederis,
694 418 857 475 unde
889 425 1131 474 utatur:
1162 417 1381 474 reddet
1410 418 1523 473 tibi
1552 421 1688 474 cito·

1705 503 1856 557 istoc
1890 499 2074 556 viliuS.

406 598 564 668 frugi
597 598 849 653 homost.

727 693 976 749 reddam
1008 691 1231 760 hercle,
1266 691 1343 746 da
1372 691 1566 746 mod0.

1436 805 1568 854 age,
1601 785 1807 855 pater!

1634 889 1769 951 post
1800 879 2120 936 consulam.

405 981 601 1037 faciet.

604 1094 640 1131 o
669 1079 756 1130 vir
787 1083 1034 1145 optume
1060 1075 1070 1088 ”

1066 1189 1102 1225 o
1133 1177 1305 1239 pater
1333 1173 1416 1224 mi
1448 1167 1848 1224 festivissume
1873 1167 1970 1222 2-

405 1265 551 1336 quid
595 1267 794 1322 istuc?
847 1285 999 1334 quae
1042 1285 1136 1321 res
1176 1273 1302 1320 tam
1342 1271 1598 1333 repente
1638 1282 1833 1317 mores
1872 1265 2129 1317 mutavit

473 1358 610 1405 tuos
633 1351 654 1403 ?

409 1432 570 1502 quod
602 1431 989 1502 prolubium?
1035 1450 1188 1500 quae
1221 1435 1406 1486 istaec
1437 1429 1693 1486 subitast
1722 1427 2011 1496 largitas?

1753 1523 1948 1579 dicam
1979 1523 2127 1578 tibi:

407 1620 477 1669 ut
506 1611 569 1667 id
600 1611 1006 1679 ostenderem,
1039 1609 1200 1679 quod
1240 1617 1304 1665 te
1345 1612 1444 1664 isti
1484 1607 1723 1663 facilem
1755 1614 1818 1662 et
1847 1606 2126 1662 festivom

491 1702 732 1764 putant,

407 1778 468 1834 id
488 1798 612 1834 non
631 1778 758 1834 fieri
777 1796 853 1833 ex
875 1796 1015 1832 vera
1033 1780 1155 1831 vita
1174 1794 1372 1844 neque
1392 1774 1543 1830 adeo
1564 1793 1636 1829 ex
1656 1792 1847 1841 aequo
1868 1779 1931 1828 et
1949 1772 2127 1840 bon0‚

410 1861 517 1918 sed
549 1881 621 1918 ex
652 1859 1050 1929 adsentand0‚
1079 1857 1476 1928 indulgendo,
1506 1856 1838 1926 largiendo,
1865 1855 2062 1910 Micio.

409 1965 571 2001 nunc
614 1945 767 2000 adeo
811 1947 860 2000 si
904 1944 981 1999 ob
1026 1962 1158 1998 eam
1202 1962 1325 1997 rem
1374 1942 1540 1996 vobis
1582 1960 1717 1995 mea
1760 1943 1883 1994 vita
1921 1942 2128 2005 invisa,

493 2027 820 2095 Aeschine,
852 2035 964 2095 est,

411 2117 550 2180 quia
568 2131 690 2166 non
710 2116 866 2166 iusta
884 2114 1105 2164 iniusta
1124 2127 1360 2177 prorsus
1381 2114 1578 2161 omnia
1597 2109 1841 2160 omnino
1861 2104 2173 2170 obsequor,
2215 2106 2335 2165 990

411 2200 592 2250 missa
609 2193 788 2249 facio:
815 2192 1363 2260 ecfundite,emite,
1377 2189 1557 2244 facite
1579 2187 1739 2257 quod
1753 2187 1917 2242 vobis
1936 2186 2122 2240 lubet.

412 2278 519 2334 sed
534 2282 582 2334 si
600 2277 663 2332 id
677 2277 853 2332 voltis
873 2280 1093 2345 potiUS‚
1107 2293 1260 2342 quae
1275 2293 1377 2328 vos
1397 2280 1642 2341 propter
1655 2270 2128 2325 adulescentiam

367 2427 373 2433 ¹
410 2366 610 2417 minus
622 2359 861 2427 videtis,
874 2363 1064 2427 magis
1078 2362 1330 2426 inpense
1345 2360 1581 2425 cupitis,
1595 2353 1902 2409 consulitis
1912 2370 2142 2421 parum,

413 2443 565 2508 haec
594 2441 1043 2512 reprehendere
1085 2448 1149 2496 et
1184 2443 1481 2508 corrigere
1523 2446 1587 2494 et
1625 2434 2034 2492 obsecundare
2063 2437 2127 2489 in

496 2527 662 2582 loco:

415 2629 556 2666 ecce
586 2629 705 2677 me,
737 2612 836 2677 qui
870 2607 931 2663 id
963 2606 1177 2662 faciam
1207 2606 1387 2660 vobis.

1301 2700 1434 2768 tibi,
1464 2706 1657 2768 pater,
1686 2698 2128 2766 permittimus:

415 2787 550 2857 plus
570 2791 681 2843 scis
702 2785 845 2854 quid
866 2804 1014 2854 opus
1032 2783 1266 2839 factost.
1311 2781 1418 2838 sed
1437 2781 1514 2837 de
1534 2780 1718 2836 fratre
1738 2777 1884 2848 quid
1903 2777 2007 2833 fiet
2027 2777 2051 2832 ?

1963 2875 2128 2928 sino:

420 2965 677 3020 habeat:
709 2968 769 3018 in
802 2967 948 3018 istac
979 2961 1160 3016 finem
1190 2959 1386 3015 faciat.

1409 3046 1563 3098 istuc
1592 3047 1774 3096 recte.

1776 3132 2046 3202 plaudite

423 3231 540 3280 322
