2352 3724
643 245 997 325 PUBLIUS
1043 248 1513 309 TERENTIUS
1559 253 1776 309 AFER

86 363 276 420 Davos
347 385 494 420 num
523 365 689 435 quid,
721 367 899 436 Geta,
928 368 1093 425 aliud
1121 390 1219 426 me
1250 372 1374 427 vis?

87 445 229 501 Geta
1395 463 1464 511 ut
1494 457 1650 513 bene
1682 463 1758 514 sit
1789 460 1915 514 tibi.

346 551 515 600 puer,
545 531 711 588 heus,
787 553 1011 590 nemon
1042 535 1155 590 hoc
1186 538 1424 605 prodit?
1456 559 1622 608 cape,
1654 541 1730 595 da
1761 541 1873 596 hoc
1907 543 2140 599 Dorcio,

83 611 228 668 Anti.
348 615 564 670 Adeon
608 635 736 670 rem
781 617 1004 673 redisse
1050 626 1118 674 ut
1162 624 1262 688 qui
1309 625 1390 676 mi
1435 623 1775 679 consultum
1817 633 2063 693 optume

86 695 123 750 Ι.
159 699 220 750 iii
430 697 576 753 velit
607 719 754 766 esse,

348 779 658 849 Phaedria,
701 790 934 852 patrem
975 791 1044 839 ut
1084 789 1491 854 extimescam,
1534 788 1635 843 ubi
1684 793 1744 844 in
1794 798 2063 846 mentem

427 868 553 919 eius
582 864 827 920 adventi
860 868 1089 922 veniat!

344 947 503 1015 quod
524 951 583 1001 ni
606 947 850 1003 fuissem
870 954 1224 1020 incogitans,
1246 955 1330 1007 ita
1350 961 1782 1024 exspectarem,
1804 963 1872 1011 ut
1894 976 1998 1024 par
2018 956 2147 1011 fuit.

89 1027 249 1084 Phae.
341 1030 486 1098 quid
519 1032 709 1085 istuc?

83 1111 124 1165 A
134 1111 224 1178 nli.
484 1118 725 1182 rogitas,
747 1119 848 1183 qui
868 1122 993 1169 tam
1011 1116 1251 1171 audacis
1272 1116 1546 1173 facinoris
1567 1119 1713 1174 mihi
1735 1122 2060 1176 consciu's?

342 1196 503 1264 quod
539 1200 772 1252 utinam
807 1217 885 1253 ne
927 1197 1268 1254 Phormioni
1306 1200 1368 1255 id
1405 1201 1656 1258 suadere
1692 1207 1753 1257 in
1791 1212 2060 1259 mentem

424 1279 734 1336 incidisset
790 1332 793 1335 .

341 1382 460 1418 neu
491 1383 588 1418 me
619 1363 904 1432 cupidum
936 1384 1007 1420 eo
1038 1365 1374 1436 inpulisset,
1407 1367 1567 1435 quod
1599 1368 1745 1423 mihi
1779 1374 2057 1438 principi-

424 1453 583 1501 umst
613 1446 781 1501 mali!

340 1549 456 1583 non
484 1534 707 1597 potitus
727 1549 949 1586 essem:
987 1530 1199 1588 fuisset
1217 1539 1348 1587 tum
1367 1532 1498 1589 illos
1518 1537 1599 1588 mi
1618 1554 1798 1603 aegre
1816 1535 2056 1603 aliquod

419 1612 569 1681 dies,

339 1703 402 1750 at
431 1715 553 1750 non
585 1695 913 1752 cottidiana
943 1717 1083 1753 cura
1112 1697 1261 1754 haec
1291 1707 1546 1767 angeret
1575 1704 1857 1756 animum.
2152 1699 2262 1758 160

80 1778 243 1834 Phae.
1856 1784 2049 1839 audiO.

73 1860 219 1917 Anti.
338 1861 482 1916 dum
525 1870 809 1931 exspecto
850 1883 1030 1932 quam
1069 1884 1207 1919 mox
1249 1869 1451 1926 veniat
1491 1869 1592 1934 qui
1632 1865 1859 1921 adimat
1900 1866 2053 1921 hanc

420 1944 568 1999 mihi
599 1946 1116 2002 consuetudinem.

78 2027 246 2087 Phae.
331 2027 461 2083 aliis
520 2033 659 2096 quia
714 2029 863 2084 defit
919 2029 1080 2098 quod
1137 2038 1343 2086 amant
1400 2038 1668 2099 aegrest3
1748 2033 1859 2087 tibi
1918 2036 2055 2101 quia

418 2119 693 2180 superest
722 2111 919 2168 dolet:

333 2214 534 2249 amore
563 2194 851 2264 abundas,
883 2195 1171 2265 Antipho,

333 2297 473 2332 nam
509 2285 614 2332 tua
649 2277 895 2347 quidem
930 2278 1133 2335 hercle
1171 2286 1335 2335 certo
1367 2283 1488 2334 vita
1524 2279 1672 2335 haec
1710 2280 2085 2350 expetenda,

415 2360 798 2430 optandaque
829 2369 936 2417 est.

332 2446 416 2499 ita
438 2463 535 2498 me
555 2443 616 2498 di
640 2444 796 2499 bene
818 2452 1043 2513 ament,
1065 2452 1134 2499 ut
1156 2447 1238 2499 mi
1262 2444 1441 2499 liceat
1463 2451 1588 2499 tam
1608 2444 1710 2500 diu
1731 2444 1892 2513 quod
1914 2465 2048 2500 amo

413 2525 548 2595 frui,

332 2612 447 2663 iam
477 2609 778 2678 depecisci
806 2617 1000 2664 morte
1030 2613 1234 2678 cupio:
1280 2616 1348 2664 tu
1378 2613 1634 2664 conicito
1665 2617 1884 2676 cetera,

330 2691 475 2760 quid
507 2711 619 2759 ego
651 2711 725 2747 ex
754 2691 865 2746 hac
902 2696 1102 2761 inopia
1130 2711 1292 2747 nunc
1322 2696 1550 2761 capiam
1589 2699 1652 2747 et
1687 2693 1832 2760 quid
1868 2700 1935 2748 tu
1973 2713 2046 2748 ex

411 2778 558 2830 istac
590 2778 787 2843 copia;

328 2863 398 2912 ut
415 2876 492 2912 ne
511 2857 748 2924 addam,
770 2857 931 2925 quod
951 2861 1079 2913 sine
1100 2863 1344 2926 sumptu
1369 2860 1712 2924 ingenuam,
1734 2856 2042 2913 liberalem

410 2947 622 2994 nactus
654 2959 736 3007 eS,

324 3022 484 3090 quod
522 3021 724 3090 habeS,
745 3026 841 3077 'ita
879 3029 946 3077 ut
977 3021 1232 3089 voluisti,
1266 3040 1510 3078 uxorem
1543 3024 1671 3077 sine
1702 3021 1855 3076 mala
1886 3022 2040 3077 sama

400 3103 626 3173 palam:

326 3193 401 3243 20
