2352 3724
58 501 198 557 Geta

61 607 220 666 Phor.

59 715 197 771 Geta

61 824 238 882 Demi.

61 932 224 991 Phor.

60 1152 200 1209 Geta

60 1260 236 1317 Demi.

63 1367 222 1424 Phor.

62 2127 203 2182 Geta

59 2234 224 2291 Phor.

76 2653 206 2710 Geta

70 2748 239 2805 Demi.

68 2843 202 2902 Geta

68 2937 237 2997 Demi.

65 3034 205 3092 Geta

58 3130 232 3187 Demi.

613 276 967 334 PUBLIUS
1012 277 1482 336 TERENTIUS
1528 280 1743 335 AFER

320 394 474 450 hanc
505 394 810 466 Demipho
840 404 1028 466 negat
1057 416 1187 454 esse
1224 400 1579 467 cognatam?

1597 515 1799 576 negat.

322 630 521 680 neque
555 615 681 667 eius
712 619 948 682 patrem
979 631 1043 669 se
1074 617 1224 670 scire
1255 618 1356 682 qui
1387 613 1608 670 fuerit?

1612 728 1812 789 negat.

324 831 521 896 ipsum
553 846 682 884 esse
714 831 924 897 opinor
955 827 1032 884 de
1064 848 1182 897 quo
1212 829 1495 897 agebam:
1542 833 1874 897 sequimini.
2127 834 2242 884 355

325 940 463 1004 quia
494 954 680 1003 egens
712 935 981 990 relictast
1010 940 1247 1005 misera,
1277 941 1586 1005 ignoratur
1617 955 1850 1005 parenS,
2128 940 2241 995 357
2293 918 2298 922 ἱ

321 1043 663 1112 neclegitur
691 1048 849 1112 ipsa:
894 1043 1031 1099 vide
1063 1048 1309 1099 avaritia
1339 1044 1484 1113 quid
1514 1043 1674 1099 facit.

322 1156 371 1209 si
403 1171 572 1207 erum
602 1150 972 1206 insimulabis
1003 1151 1288 1221 malitiae,
1320 1151 1477 1207 male
1508 1152 1729 1207 audieS.

324 1281 358 1317 o
388 1259 726 1315 audaciam!
761 1263 943 1315 etiam
974 1279 1071 1314 me
1101 1259 1261 1315 ultro
1290 1267 1633 1315 accusatum
1663 1260 1922 1316 advenit.
2130 1257 2247 1315 360

322 1388 461 1422 nam
491 1371 609 1421 iam
639 1364 1015 1421 adulescenti
1045 1365 1195 1420 nihil
1229 1373 1321 1421 est
1351 1365 1511 1443 quod
1541 1384 1937 1433 suscenseam,

324 1480 372 1531 si
402 1474 571 1529 illum
601 1477 798 1528 minus
828 1479 1032 1540 norat3
1063 1476 1286 1542 quippe
1315 1472 1495 1527 homo
1523 1476 1642 1527 iam
1670 1472 1970 1540 grandior,
2029 1527 2031 1529 ,

325 1602 569 1654 pauper,
602 1586 741 1651 quoi
771 1585 834 1635 in
865 1600 1047 1650 opere
1077 1585 1200 1636 vita
1232 1587 1380 1650 erat,
1409 1585 1532 1636 ruri
1561 1579 1688 1636 fere

326 1712 389 1749 se
421 1691 802 1755 continebat;
831 1690 914 1744 ibi
944 1708 1155 1757 agrum
1186 1688 1263 1744 de
1293 1696 1497 1744 nostro
1526 1696 1696 1757 patre
1821 1760 1829 1764 ν

326 1799 646 1856 colendum
676 1798 955 1853 habebat.
1045 1816 1223 1866 saepe
1254 1801 1486 1852 interea
1514 1796 1661 1850 mihi
1691 1816 1873 1851 senex

326 1908 606 1964 narrabat
635 1926 699 1963 se
729 1905 892 1961 hune
922 1904 1244 1973 neclegere
1274 1911 1598 1972 cognatum
1627 1923 1825 1959 suom:

326 2025 389 2071 at
419 2035 599 2084 quem
622 2014 842 2069 virum!
877 2032 1057 2081 quem
1090 2031 1203 2080 ego
1227 2011 1478 2067 viderim
1507 2014 1570 2065 in
1601 2014 1723 2065 vita
1751 2018 2080 2080 optumum.

326 2123 527 2179 videas
558 2129 620 2177 te
652 2129 834 2190 atque
865 2119 1035 2174 illum
1066 2120 1294 2175 narras!

1310 2233 1372 2283 in
1402 2228 1618 2283 malam
1649 2227 1915 2282 crucem!

326 2361 464 2396 nam
495 2345 557 2396 ni
587 2345 673 2395 ita
704 2359 842 2396 eum
875 2343 1347 2405 existumassem,
1379 2354 1705 2403 numquam
1734 2341 1859 2388 tam
1887 2336 2080 2400 gravis

323 2450 400 2504 ob
429 2448 585 2503 hanc
615 2451 954 2502 inimicitias
986 2464 1263 2514 caperem
1292 2448 1354 2498 in
1384 2449 1644 2497 vostram
1672 2439 1975 2507 familiam,
2126 2442 2243 2497 370

325 2575 504 2625 quam
533 2559 581 2609 is
610 2559 964 2622 aspernatur
991 2570 1154 2605 nunc
1181 2557 1307 2605 tam
1338 2547 1744 2603 inliberaliter.

327 2654 541 2720 pergin
573 2668 674 2704 ero
704 2647 939 2703 absenti
969 2644 1125 2700 male
1155 2644 1338 2713 loqui,
1363 2642 1805 2712 *inpurissume?

325 2746 577 2814 dignum
607 2750 814 2799 autem
843 2741 957 2796 hoc
987 2739 1165 2796 illost.

1185 2837 1284 2888 ain
1314 2840 1539 2901 tamen,
1570 2832 1806 2887 carcer?

1817 2924 1990 2981 Geta.

324 3032 616 3087 bonorum
650 3031 937 3093 extortor,
969 3024 1174 3092 legum
1206 3022 1539 3078 contortor!

1528 3116 1698 3173 Geta.

322 3215 395 3263 42
