2352 3724
622 221 976 279 PUBLIUS
1020 223 1295 279 TEREN
1300 225 1381 280 TI
1392 226 1491 282 US
1536 226 1752 281 AF'ER

326 339 539 395 redeat
567 360 710 397 sane
740 346 805 396 in
832 346 1091 410 gratiam
1120 347 1269 400 iam:
1315 345 1569 414 supplici
1594 350 1736 402 satis
1760 355 1854 403 est
1886 349 2056 403 mihi.

327 420 515 478 habet
556 422 708 479 haec
752 428 809 480 ei
853 425 1034 494 quod,
1079 425 1224 481 dum
1268 431 1447 496 vivat,
1493 448 1682 498 usque
1726 428 1803 485 ad
1838 449 2043 487 aurem
2108 435 2251 485 1030

411 506 757 574 obganniat.

71 599 195 654 Nau
328 607 392 656 at
414 620 551 656 meo
574 606 791 658 merito
815 603 1012 659 credo,
1075 605 1221 673 quid
1245 625 1359 674 ego
1379 626 1541 662 nunc
1561 627 2045 678 commemorem,
2145 631 2149 646 ¹

411 683 734 754 DemiphO,

327 767 695 837 singulatim,
728 768 918 837 qualis
949 788 1065 839 ego
1092 774 1157 825 in
1187 770 1349 826 hunc
1379 771 1634 828 fuerim?

65 848 243 905 Demi.
1456 859 1595 910 novi
1624 875 1815 926 aeque
1846 861 2040 913 omnia

325 940 546 989 tecum.

64 1014 210 1072 Nau.
493 1020 712 1073 merito
741 1014 856 1074 hoc
884 1037 1022 1075 meo
1051 1019 1292 1075 videtur
1323 1019 1587 1076 factum?

67 1097 243 1155 Demi.
1450 1108 1719 1161 minume
1747 1110 2042 1174 gentium.
2074 1170 2085 1179 ‚

323 1202 531 1238 verum
582 1186 700 1238 iam
745 1184 986 1253 quando
1031 1186 1366 1242 accusando
1413 1187 1539 1242 fieri
1584 1187 1878 1244 infectum
1922 1210 2043 1245 non

451 1273 612 1321 otest

322 1285 774 1417 ignposcez'orat
804 1350 1128 1407 confitetur
1156 1360 1407 1422 purgat:
1453 1352 1599 1422 quid
1629 1357 1715 1410 vis
1745 1355 2038 1423 amplius?

60 1442 223 1499 Plzor.
323 1448 486 1499 enim
517 1463 657 1499 vero
687 1448 850 1513 prius
887 1465 1067 1514 quam
1103 1445 1253 1502 haec
1290 1446 1397 1503 dat
1431 1451 1688 1518 veniam,
1718 1449 1867 1503 mihi
1904 1469 2038 1519 pro-

403 1531 649 1596 spiciam
679 1535 744 1583 et
775 1528 1122 1585 Phaedriae.

318 1609 469 1667 heus
490 1611 885 1680 Nausistrata,
900 1611 1038 1667 huic
1057 1616 1221 1682 prius
1241 1633 1420 1682 quam
1438 1614 1766 1683 respondes
1784 1621 2042 1686 temere,

399 1693 556 1749 audi

53 1775 200 1831 Nau.
569 1777 715 1846 quid
746 1779 877 1834 est?

55 1870 220 1927 Plzor.
321 1892 435 1941 ego
464 1876 656 1928 minas
687 1877 939 1942 triginta
969 1875 1045 1930 ab
1075 1874 1179 1930 illo
1209 1895 1318 1945 per
1347 1874 1645 1931 fallaciam
1674 1876 1925 1933 abstuli:

319 1974 417 2011 eas
441 1955 583 2011 dedi
608 1964 714 2011 tuo
737 1964 955 2025 gnato:
985 1962 1034 2014 is
1059 1977 1166 2027 pro
1190 1978 1296 2014 sua
1317 1962 1508 2013 amica
1530 1958 1735 2015 lenoni
1760 1960 1946 2016 dedit.
1969 1980 1971 1982 ·

53 2049 180 2106 Chr.
315 2049 477 2120 hem,
510 2051 656 2120 quid
685 2053 808 2108 ais?
2090 2063 2243 2114 1040

50 2132 198 2189 Nau.
690 2134 923 2191 adeone
954 2135 1274 2205 indignum
1303 2135 1418 2192 hoc
1447 2137 1560 2192 tibi
1590 2136 1847 2206 videtur,
1880 2138 2032 2194 filius

315 2216 495 2272 homo
524 2216 880 2274 adulescens
910 2222 958 2275 si
988 2218 1177 2275 habet
1205 2239 1388 2274 unam
1416 2223 1690 2290 amicam,
1719 2227 1788 2276 tu
1818 2240 2032 2278 uxores

394 2300 581 2356 duas?

312 2382 397 2438 nil
416 2383 685 2452 pudere?
714 2403 834 2454 quo
853 2403 956 2441 ore
975 2384 1147 2441 illum
1165 2385 1546 2454 obiurgabis?
1575 2385 1874 2455 responde
1894 2387 2058 2442 mihi.

49 2478 227 2535 Demi.
312 2478 495 2535 faciet
522 2487 593 2534 ut
621 2478 799 2536 voles.

48 2574 195 2630 Nau.
784 2579 968 2631 immo
997 2583 1067 2631 ut
1095 2595 1293 2631 meam
1322 2579 1440 2630 iam
1470 2578 1619 2632 scias
1641 2579 2027 2646 sententiam,

309 2677 509 2727 neque
540 2677 655 2727 ego
684 2662 930 2727 ignosco
950 2678 1151 2728 neque
1175 2662 1463 2728 promitto
1486 2662 1806 2728 quicquam
1829 2679 2028 2728 neque

389 2740 726 2811 respondeo

307 2827 471 2894 prius
515 2843 695 2893 quam
737 2831 993 2893 gnatum
1023 2823 1259 2881 videro:
1304 2828 1432 2881 eius
1475 2823 1696 2880 iudicio
1738 2827 2028 2894 permitto

387 2910 603 2963 omnia.

303 2989 464 3058 quod
493 2993 543 3046 is
570 2989 807 3046 iubebit
834 2989 1066 3046 faciam.

47 3071 203 3128 Phor.
994 3072 1212 3128 mulier
1240 3076 1477 3142 sapiens
1509 3092 1591 3134 es,
1625 3072 2014 3129 Nausistrata.

303 3152 421 3211 116
