2352 3724
143 957 187 1012 A
197 955 290 1012 nti.

143 1039 310 1095 Phor.

145 1123 288 1180 Geta

141 1374 187 1429 A
196 1372 289 1429 nti.

144 1456 287 1513 Geta

139 1874 185 1930 A
194 1873 287 1930 nti.

140 1957 307 2015 Phor.

139 2040 288 2097 Anti.

140 2123 308 2180 Phor.

143 2207 287 2264 Geta

139 2289 289 2347 Anti.

144 2373 287 2431 Geta

149 2624 188 2678 A
197 2622 290 2679 nti.

144 2707 287 2763 Geta

142 2788 288 2845 Anti.

144 2873 287 2928 Geta

139 2956 288 3011 Ama.

143 3037 286 3094 Θεία

702 253 1055 311 PUBLIUS
1101 254 1572 314 TERENTIUS
1619 257 1835 312 AFER

405 393 545 428 nam
576 380 890 443 potaturus
928 383 1021 430 est
1061 375 1220 444 apud
1261 396 1374 431 me.
1475 396 1588 446 ego
1624 396 1721 432 me
1759 381 1843 432 ire
1886 378 2127 434 senibus

490 456 743 513 Sunium

405 538 602 594 dicam
652 539 729 595 ad
780 547 1133 608 mercatum,
1186 541 1531 598 ancillulam
1582 549 1855 613 emptum
1899 542 2127 598 dudum

489 643 669 691 quam
700 623 854 679 dixit
886 623 1073 679 Geta:

405 725 484 761 ne
515 725 697 775 quom
726 706 824 761 hic
854 726 976 761 non
1007 707 1254 763 videant
1288 727 1386 764 me
1425 707 1717 765 conficere
1748 708 2000 765 credant
2038 729 2128 764 ar-

488 796 745 858 gentum
775 809 960 845 suom.

407 872 515 928 sed
545 876 765 928 ostium
796 877 1148 943 concrepuit
1176 873 1281 930 abs
1311 881 1390 930 te.
2218 880 2352 931 840³

1346 956 1481 1012 vide
1513 961 1644 1026 quis
1676 956 2000 1026 egreditur.

1937 1041 2167 1096 Getast.

408 1123 463 1180 O
497 1122 781 1191 Fortuna,
813 1141 848 1178 o
880 1122 1024 1179 Fors
1050 1122 1333 1191 Fortuna,
1359 1127 1599 1192 quantis
1624 1123 2168 1192 commoditatibuS,

407 1226 587 1275 quam
623 1206 822 1261 subito
860 1225 997 1261 meo
1042 1226 1144 1261 ero
1189 1206 1527 1275 Antiphoni
1572 1226 1686 1276 ope
1731 1214 1929 1263 vostra
1969 1206 2129 1262 hunc

489 1293 781 1345 onerastis
812 1289 1004 1344 diem!

408 1373 697 1442 quidnam
728 1372 825 1427 hic
856 1373 968 1428 sibi
999 1372 1161 1427 volt?

882 1475 1111 1524 nosque
1136 1459 1356 1511 amicos
1381 1459 1508 1511 eius
1532 1459 1901 1511 exonerastis
1926 1456 2123 1511 metu'

405 1539 514 1595 sed
558 1558 673 1607 ego
717 1558 878 1593 nunc
922 1538 1070 1594 mihi
1115 1558 1300 1607 ceSSO,
1332 1543 1434 1607 qui
1479 1559 1601 1594 non
1645 1558 1920 1594 umerum
1969 1538 2126 1594 huno

471 1642 656 1679 onero
686 1622 867 1691 pallio

403 1713 587 1775 atque
644 1705 953 1760 hominem
1004 1724 1259 1774 propero
1309 1708 1600 1773 invenire,
1651 1711 1722 1760 ut
1771 1703 1921 1759 haec
1972 1722 2125 1773 quae

488 1792 859 1858 contigerint
888 1791 1051 1844 sciat.

406 1892 554 1929 num
583 1879 651 1927 tu
682 1871 990 1941 intellegis
1019 1869 1167 1941 quid
1195 1870 1294 1925 hic
1324 1871 1567 1926 narret?

1481 1973 1627 2010 num
1649 1954 1756 2010 tu?

1695 2035 1799 2092 nil.

1731 2118 2094 2174 tantundem
2119 2137 2248 2187 ego,

406 2205 482 2261 ad
505 2205 789 2261 lenonem
813 2204 955 2259 hinc
978 2207 1064 2260 ire
1087 2222 1367 2274 pergam:
1398 2203 1480 2258 ibi
1504 2221 1667 2258 nunc
1690 2209 1846 2258 sunt.

1628 2285 1798 2354 heuS,
1821 2285 2007 2341 Geta!

1868 2387 1966 2424 em
1983 2367 2096 2423 tibi
2113 2386 2125 2422 :

407 2475 553 2510 num
595 2458 814 2510 mirum
858 2460 964 2509 aut
1006 2458 1285 2509 novomst
1334 2455 1618 2520 revocari,
1663 2470 1901 2507 cursum
1944 2469 2126 2520 quom

490 2538 818 2594 institeris?

801 2620 974 2676 Geta.

406 2707 608 2775 pergit
629 2702 852 2760 hercle.
912 2721 1242 2770 numquam
1265 2707 1333 2756 tu
1358 2698 1496 2756 odio
1519 2706 1626 2755 tuo
1647 2718 1746 2754 me
1770 2702 1988 2754 vinces.

1814 2801 1936 2836 non
1965 2781 2210 2837 manes?

407 2869 636 2941 vapula.
2215 2864 2352 2918 85oe

638 2951 701 3008 id
731 2950 990 3021 quidem·
1007 2950 1120 3006 tibi
1149 2952 1268 3004 iam
1297 2947 1404 3004 fiet
1431 2951 1546 3004 nisi
1576 2950 1821 3016 resistiS‚
1853 2947 2118 3003 verbere.
2319 2955 2341 2987 ’ἴ

404 3035 850 3092 familiariorem
879 3039 1122 3103 oportet
1150 3051 1281 3089 esse
1310 3030 1504 3087 hunc:
1533 3034 1850 3086 minitatur
1877 3029 2118 3085 malum.

405 3199 485 3266 96
