2352 3724
674 239 1029 296 PUBLIUS
1073 239 1544 298 TERENTIUS
1590 241 1807 296 AFER

117 358 260 414 Anti.
380 359 628 428 loquere
657 360 924 428 obsecrO,
955 378 1217 428 quonam
1258 362 1323 415 in
1365 359 1496 415 loco
1541 367 1682 416 sunt
1725 379 1819 417 res
1865 369 1929 418 et
1973 362 2091 419 for-

463 451 648 498 tunae
678 443 890 498 meae?

381 544 528 579 num
557 524 797 580 subolet
828 525 973 594 quid
1002 527 1197 594 patri?

116 608 257 664 Geta
929 607 1016 663 nil
1047 612 1246 663 etiam.

115 690 259 747 Anti.
1102 690 1320 759 ecquid
1350 696 1477 760 spei
1509 696 1781 762 porrost?

116 773 259 830 Geta
1746 781 1963 833 nescio.

117 856 260 912 Anti.
1965 860 2060 916 ah.

117 940 257 995 Θεία
378 945 492 998 nisi
525 940 818 998 Phaedria
846 941 1008 998 haud
1041 947 1292 998 cessavit
1321 962 1429 1012 pro
1458 949 1524 998 te
1555 945 1720 998 eniti.

117 1022 260 1078 Anti.
1639 1024 1726 1078 nil
1756 1023 1906 1080 fecit
1932 1028 2087 1080 novi.

118 1105 259 1161 Geta
378 1115 510 1162 tum
554 1107 832 1162 Phormio
872 1107 1086 1163 itidem
1127 1112 1190 1161 in
1231 1107 1342 1161 hae
1383 1126 1447 1162 re
1489 1113 1561 1162 ut
1605 1106 1735 1162 aliis
1781 1114 2091 1162 strenuom

463 1190 771 1245 hominem
800 1191 1093 1259 praebuit.

115 1273 261 1330 Anti.
382 1272 530 1342 quid
558 1277 607 1328 is
638 1272 822 1328 fecit?

116 1357 258 1411 Θεία
669 1355 1014 1411 confutavit·
1034 1357 1229 1411 verbis
1258 1355 1583 1411 admodum
1613 1360 1830 1410 iratum
1863 1374 2090 1412 senem.

115 1439 158 1493 Α
168 1439 260 1494 nti.
381 1458 477 1507 eu,
510 1437 805 1494 Phormio,

117 1522 258 1577 Θεία
658 1540 773 1590 ego
803 1521 964 1590 quod
994 1525 1164 1591 potui
1194 1542 1383 1591 porr0.

117 1604 261 1663 Anti.
1263 1608 1345 1659 mi
1378 1604 1553 1672 Geta,
1585 1607 1777 1660 omnis
1805 1623 1907 1660 vos
1936 1624 2086 1661 amo,

117 1688 260 1744 Θεία
380 1692 464 1744 sic
479 1687 709 1743 habent
722 1691 1013 1757 principia
1027 1707 1156 1742 sese
1173 1694 1241 1741 ut
1254 1687 1389 1742 dico
1407 1707 1418 1741 :
1438 1686 1634 1741 adhuc
1648 1687 1970 1755 tranquilla
1983 1707 2095 1755 reS,

377 1790 811 1840 mansurusque
834 1778 1112 1840 patruom
1133 1777 1307 1839 pater
1330 1777 1440 1837 est,
1467 1769 1611 1825 dum
1633 1769 1751 1823 huc
1775 1768 2070 1824 adveniat.

116 1854 260 1911 Anti.
1615 1851 1759 1919 quid
1791 1853 1964 1906 eum?

116 1938 258 1993 Geta
1829 1941 1896 1988 ut
1927 1934 2087 1987 aibat

379 2022 457 2079 de
488 2027 615 2079 eius
645 2022 890 2079 consilio
921 2040 1051 2078 sese
1080 2019 1238 2076 velle
1267 2019 1464 2074 facere
1496 2016 1656 2086 quod
1686 2016 1759 2070 ad
1785 2015 1937 2069 hanc
1964 2035 2086 2069 rem

457 2109 697 2160 attinet.

116 2187 261 2245 Anti.
379 2195 674 2257 quantum
730 2191 980 2242 metuist
1029 2185 1177 2240 mihi
1227 2183 1433 2239 videre
1485 2182 1602 2236 huc
1653 2180 1873 2235 salvom
1927 2197 2087 2234 nunc

457 2278 753 2339 patruom‚
786 2269 972 2324 Geta!

375 2373 516 2409 nam
545 2356 671 2409 eius
700 2371 810 2421 per
839 2371 1040 2418 unam,
1065 2356 1136 2405 ut
1163 2347 1362 2416 audie,
1384 2352 1492 2401 aut
1519 2349 1712 2399 vivam
1741 2349 1846 2396 aut
1868 2344 2084 2396 moriar

455 2439 838 2492 sententiam.

112 2521 252 2576 Θεία
376 2518 668 2574 Phaedria
695 2517 807 2572 tibi
836 2515 1024 2570 adest.

110 2603 153 2658 A
161 2603 254 2658 nti.
830 2599 1075 2653 ubinam
1090 2597 1111 2650 ?

109 2686 250 2741 Θεία
950 2677 1263 2735 eccumab
1292 2696 1398 2734 sua
1427 2674 1721 2746 palaestra
1752 2675 1876 2727 exit
1905 2670 2075 2727 foras.

111 2769 273 2823 Phae.
370 2768 573 2836 Dorio,

109 2851 261 2906 [II.ii
537 2848 678 2904 audi
709 2848 969 2903 obsecro,

108 2934 280 2989 Dorio
909 2947 1029 2983 non
1059 2927 1251 2982 audio,

107 3016 268 3071 ΡΙιαε.
1229 3025 1562 3079 parumper.

107 3097 278 3153 Dorio
1542 3090 1684 3156 quin
1717 3088 1929 3141 omitte
1958 3103 2054 3138 me

366 3188 443 3238 54

2176 1774 2293 1823 480
