2404 3704
167 386 374 443 Demea

169 633 329 702 Syrus

168 756 375 811 Demea

165 1237 330 1305 Syrus

166 1358 374 1412 Demea

166 1614 307 1670 Geta

164 1735 290 1790 V.vi

168 1857 372 1911 Demea

164 1977 304 2032 Geta

162 2098 372 2153 Demea

159 2941 301 2997 Geta

161 3060 368 3115 Demea

718 272 1070 329 PUBLIUS
1116 273 1586 331 TERENTIUS
1631 274 1846 329 AFER

426 394 558 458 quis
599 390 822 446 homo?
873 411 908 447 o
946 391 1093 460 Syre
1132 399 1356 461 noster,
1393 392 1593 450 salve:
1643 391 1790 463 quid
1826 392 1937 449 fit?
1991 393 2134 462 quid

504 516 704 580 agitur
726 513 747 566 ?

423 640 602 688 recte.

603 763 925 823 optumest.
1010 759 1127 810 iam
1152 776 1312 810 nunc
1338 755 1486 812 haec
1512 760 1626 812 tria
1651 760 1907 826 primum
1932 755 2135 810 addidi

424 883 665 945 praeter
689 883 992 930 naturam:
1025 859 1106 930 “o
1126 883 1349 944 noster,
1371 875 1516 944 quid
1539 875 1639 931 fit?
1671 875 1814 944 quid
1836 873 2114 944 agitur?''

426 1016 657 1051 servom
691 995 852 1050 haud
882 995 1256 1051 inliberalem
1290 997 1541 1065 praebes
1572 1003 1634 1052 te
1667 1004 1731 1052 et
1761 998 1871 1051 tibi

428 1116 639 1171 lubens
671 1116 827 1170 bene
861 1114 1059 1170 faxim.

1066 1241 1322 1305 gratiam
1355 1236 1562 1291 habeO.

1572 1361 1758 1426 atqui,
1792 1357 1960 1426 Syre,

425 1478 535 1532 hoc
569 1485 835 1533 verumst
867 1485 930 1532 et
962 1482 1087 1546 ipsa
1120 1498 1181 1533 re
1214 1483 1525 1546 experiere
1559 1477 1924 1547 propediem.

428 1611 564 1680 Era,
597 1631 711 1680 ego
742 1610 858 1666 huc
891 1610 967 1665 ad
998 1609 1105 1666 hos
1138 1615 1371 1680 proviso
1403 1631 1581 1680 quam
1612 1632 1749 1667 mox
1784 1616 2076 1679 virginem

422 1740 746 1788 accersant.
839 1731 946 1787 sed
977 1752 1185 1787 eccum
1218 1732 1527 1787 Demeam.
1622 1733 1810 1789 salvos
1841 1735 1970 1788 sies.

424 1875 458 1910 o
490 1859 590 1924 qui
622 1855 876 1910 vocare?

878 1975 1049 2030 Geta.

1060 2096 1236 2162 Geta,
1270 2095 1575 2150 hominem
1606 2099 1866 2150 maxumi

426 2221 581 2287 preti
614 2225 676 2272 te
710 2237 838 2272 esse
872 2217 1050 2272 hodie
1083 2216 1338 2271 iudicavi
1369 2192 1568 2270 animo
1599 2235 1771 2283 meo;

420 2358 563 2395 nam
594 2341 642 2394 is
672 2337 821 2392 mihi
851 2335 1182 2407 profectost
1212 2356 1411 2392 servos
1442 2344 1747 2405 spect-atus
1778 2340 1920 2392 satis

423 2464 562 2528 quoi
594 2458 872 2514 dominus
903 2465 1158 2526 curaest,
1190 2461 1274 2513 ita
1303 2461 1394 2513 uti
1423 2457 1535 2512 tibi
1566 2462 1744 2526 sensi,
1777 2457 1955 2524 Geta,

423 2587 486 2635 et
517 2580 628 2635 tibi
658 2579 736 2634 ob
766 2598 900 2635 eam
930 2598 1080 2647 rem,
1110 2581 1158 2634 si
1188 2576 1334 2647 quid
1365 2596 1504 2634 usus
1535 2581 1789 2645 venerit,

423 2700 637 2756 lubens
667 2699 826 2756 bene
856 2697 1055 2754 faxim.
1146 2697 1407 2753 meditor
1437 2715 1566 2753 esse
1595 2695 1870 2752 adfabilis

420 2827 484 2876 et
513 2820 671 2876 bene
701 2819 990 2890 procedit.

995 2940 1186 2996 bonus
1218 2958 1301 3008 es,
1332 2957 1514 3008 quom
1544 2936 1693 2993 haec
1724 2940 2061 2993 existumas·

419 3059 711 3128 paulatim
740 3059 983 3130 plebem
1014 3057 1337 3131 primulum
1370 3054 1523 3113 facio
1552 3076 1762 3113 meam.

409 3212 531 3263 310

2222 1733 2338 1792 890
