2352 3724
635 248 985 307 PUBLIUS
1029 250 1499 310 TERENTIUS
1544 253 1758 309 AFER

1699 378 1803 443 ita,
1825 379 2084 444 inquam.

81 450 219 502 Par.
343 459 473 524 quis
503 475 601 512 me
628 463 721 512 est
744 455 1105 512 fortunatior
1130 463 1580 529 venustatisque
1605 459 1757 516 adeo
1781 461 2051 531 plenior?

84 537 250 590 Pam.
341 538 457 594 eho
498 547 586 608 tn,
623 559 731 609 pro
774 539 883 595 hoc
926 548 987 596 te
1032 545 1245 597 nuntio
1282 547 1383 611 qui
1422 543 1682 599 donem?
1726 545 1866 614 qui?
1912 546 2050 613 qui?

423 626 641 679 nescio.

77 705 209 761 Par.
342 713 406 761 at
436 725 551 775 ego
581 709 716 762 scio.

77 794 232 849 Pam..
726 795 908 864 quid?

80 882 210 938 Par.
911 884 993 939 nil
1029 888 1222 952 enim;

341 986 481 1022 nam
521 986 721 1036 neque
759 971 820 1022 in
858 972 1072 1023 nuntio
1108 988 1309 1038 neque
1347 973 1409 1024 in
1449 989 1546 1024 me
1591 974 1716 1038 ipso
1757 971 1867 1025 tibi
1909 971 2047 1025 boni

426 1050 572 1118 quid
602 1054 680 1106 sit
710 1054 844 1106 sci0.

2137 716 2254 767 850

78 1132 233 1188 Pam.
343 1152 500 1202 egon
520 1137 621 1202 qui
641 1135 716 1188 ab
736 1154 872 1188 orco
891 1142 1190 1190 mortuom
1209 1153 1306 1189 me
1325 1134 1610 1190 reducem
1633 1139 1688 1189 iu
1712 1135 1909 1191 lucem
1929 1135 2142 1192 feceris

342 1220 532 1272 sinam
563 1220 692 1272 sine
722 1237 973 1273 munere
1003 1238 1038 1272 a
1059 1237 1157 1272 me
1188 1218 1389 1276 abire?
1430 1217 1527 1287 ah,
1551 1222 1802 1273 nimium
1835 1239 1930 1273 me
1962 1223 2049 1272 in·-

423 1307 666 1368 gratum
695 1308 886 1369 putas.
939 1337 944 1340 >

342 1383 450 1440 sed
481 1382 845 1439 Bacchidem
877 1403 1080 1439 eccam
1109 1383 1284 1440 video
1315 1392 1472 1440 stare
1503 1392 1646 1440 ante
1678 1389 1926 1440 ostium:

341 1486 439 1522 me
472 1474 757 1536 expectat
787 1467 998 1522 credo:
1043 1466 1236 1522 adibo.

82 1549 316 1607 Bacchis
1203 1550 1383 1619 salve,
1418 1550 1744 1621 Pamphile.

82 1641 235 1695 Pam.
342 1658 377 1694 o
409 1638 676 1707 Bacchis,
709 1658 744 1694 o
773 1659 908 1694 mea
940 1638 1207 1707 Bacchis,
1239 1643 1527 1694 servatrix
1555 1640 1718 1695 mea!

84 1727 317 1784 Bacchis
338 1727 495 1782 bene
526 1726 753 1782 factum
785 1734 849 1782 et
878 1726 1058 1795 volup
1089 1734 1196 1782 est.

84 1818 235 1872 Pam.
1214 1813 1385 1870 factis
1416 1822 1485 1869 ut
1515 1815 1754 1870 credam
1787 1815 1960 1882 facis;

343 1903 774 1968 antiquamque
803 1897 956 1953 adeo
984 1905 1151 1953 tuam
1175 1904 1557 1953 venustatem
1587 1898 1844 1967 obtineS,

345 1991 414 2038 ut
471 1981 763 2051 voluptati
824 1982 1041 2049 obitus,
1101 2000 1314 2048 sermO,
1373 1980 1668 2037 adventus
1725 1988 1880 2048 tuos,
1933 2002 2050 2051 quo

428 2084 729 2135 quemque
759 2064 1093 2133 adveneris,

345 2168 583 2219 semper
612 2153 703 2204 sit.

84 2238 318 2295 Bacchis
540 2245 604 2292 at
622 2245 687 2292 tu
711 2244 942 2292 ecastor
959 2255 1187 2292 morem
1207 2239 1519 2305 antiquom
1538 2243 1721 2305 atque
1740 2239 2049 2305 ingenium

624 2327 881 2394 obtineS,

344 2423 414 2472 ut
442 2435 595 2471 unus
626 2418 892 2469 omnium
923 2411 1103 2468 homo
1132 2419 1196 2469 te
1228 2416 1388 2468 vivat
1414 2431 1710 2482 nusquam
1739 2415 2048 2481 quisquam

426 2498 716 2554 blandior.

84 2589 236 2644 Pam.
343 2586 637 2646 hahahae.
668 2594 778 2642 tun
809 2589 892 2641 mi
922 2585 1113 2641 istuc?

85 2676 318 2733 Bacchis
795 2681 961 2730 recte
980 2676 1211 2742 amasti,
1235 2671 1566 2742 Pamphile,
1587 2663 1834 2727 uxorem
1852 2679 2019 2728 tuam
2035 2691 2049 2739 ;

344 2785 484 2820 nam
523 2783 851 2833 numquam
892 2769 1036 2817 ante
1076 2761 1239 2817 hunc
1279 2760 1442 2816 diem
1481 2763 1630 2815 meis
1671 2759 1856 2815 oculis
1898 2779 2047 2827 eam,

427 2852 586 2922 quod
618 2871 874 2920 nossem,
905 2850 1202 2905 videram:

347 2940 719 3011 perliberalis
748 2943 944 2995 visast.

88 3027 236 3082 Pam.
910 3021 1008 3077 dic
1030 3040 1254 3076 verum.

89 3114 315 3170 Bacchis
1163 3112 1248 3163 ita
1269 3127 1366 3162 me
1387 3107 1449 3162 di
1470 3114 1695 3174 ament,
1719 3106 2044 3177 Pamphile.

342 3202 459 3250 '208

2142 2145 2258 2203 860
