2352 3724
73 367 261 419 Dauos

71 614 213 670 Geta

72 781 263 837 Davos

72 863 215 920 Geta

73 1030 265 1086 Davos

75 1365 217 1419 Geta

74 1448 265 1502 Davos

76 1532 218 1586 Geta

71 1697 265 1753 Davos

74 1782 215 1836 Geta

72 1865 264 1919 Davos

74 1947 217 2003 Geta

73 2281 265 2336 Davos

73 2365 215 2420 Geta

73 2530 263 2585 Davos

74 2613 216 2668 Geta

74 2779 262 2834 Davos

71 2943 213 3000 Geta

624 243 978 301 PUBLIUS
1023 243 1494 300 TERENTIUS
1540 243 1757 298 AFER

334 369 687 434 praesertim
720 372 789 420 ut
819 384 980 418 nuno
1014 371 1155 419 :unt
1185 383 1410 418 mores:
1454 363 1606 418 adeo
1639 383 1731 418 res
1763 362 1950 419 redit:

332 452 381 504 si
411 453 542 517 quis
575 447 720 516 quid
751 447 972 515 reddit,
1005 467 1224 515 magna
1256 446 1593 502 habendast
1623 450 1829 514 gratia.

332 530 440 587 sed
471 531 617 600 quid
646 538 715 586 tu
746 550 809 586 es
840 531 1066 585 tristis?

1075 612 1313 680 egone?
1357 614 1551 667 nescis
1583 631 1701 680 quo
1732 615 1794 665 in
1824 618 2014 680 metu,

335 704 563 767 quanto
591 701 655 752 in
686 694 911 766 periclo
942 695 1154 751 simus!

1178 777 1323 846 quid
1353 780 1508 833 istuc
1540 778 1670 832 est?

1684 863 1855 928 soieS‚

337 946 517 1002 modo
547 954 616 1002 ut
646 953 847 1001 tacere
879 948 1082 1014 possis,

1096 1027 1192 1081 abi
1225 1030 1321 1094 siS,
1354 1028 1642 1080 insciens:

337 1117 548 1182 quoius
579 1119 647 1167 tu
679 1111 860 1167 fidem
891 1114 954 1165 in
984 1113 1240 1180 pecunia
1269 1113 1666 1178 perspexeris,

339 1215 546 1251 verere
577 1196 758 1251 verba
789 1198 844 1250 ei
876 1193 1162 1249 eredere?
1208 1193 1310 1248 ubi
1342 1192 1485 1260 quid
1518 1192 1663 1245 mihi
1696 1191 1904 1246 lucrist

339 1287 400 1336 te
433 1278 679 1334 fallere?

692 1380 836 1430 ergo
867 1359 1153 1416 ausculta.

1166 1441 1321 1497 hane
1352 1460 1597 1510 operam
1628 1440 1734 1495 tibi
1770 1439 1917 1494 dico.

344 1533 502 1585 senis
561 1532 771 1597 nostri,
833 1526 1022 1595 Dave,
1082 1525 1331 1580 fratrem
1389 1527 1672 1578 maiorem
1728 1523 2045 1577 Chremem

335 1613 576 1669 nostin?

597 1693 743 1765 quid
772 1693 875 1749 ni?

884 1774 1068 1845 quid?
1113 1778 1240 1831 eius
1269 1780 1522 1843 gnatum
1557 1771 1948 1826 Phaedriam?

335 1870 461 1918 tam
491 1882 671 1931 quam
701 1868 780 1916 te.

803 1946 1008 1998 evenit
1037 1941 1279 1997 senibus
1309 1938 1599 1993 ambobus
1630 1936 1803 1992 simul

335 2033 454 2085 iter
482 2028 570 2083 illi
599 2032 662 2082 in
696 2026 995 2082 Lemnum
1025 2031 1095 2080 ut
1125 2030 1303 2091 esset,
1335 2029 1540 2076 nostro
1570 2025 1631 2075 in
1658 2020 1922 2074 Ciliciam

336 2111 414 2168 ad
442 2111 747 2180 hospitem
776 2112 1103 2176 antiquom.
1180 2110 1230 2162 is
1259 2124 1468 2161 senem
1499 2123 1607 2172 per
1637 2102 1922 2171 epistulas

334 2194 609 2266 pellexit,
638 2192 818 2248 modo
848 2211 970 2246 non
1000 2193 1222 2245 montis
1251 2192 1378 2243 auri
1408 2187 1713 2256 pollicenS.

337 2282 477 2348 quoi
508 2284 680 2333 tanta
711 2283 840 2332 erat
871 2294 963 2330 res
996 2282 1059 2329 et
1089 2271 1436 2342 supererat?

1449 2352 1716 2408 desinas:

335 2449 417 2501 sic
449 2451 542 2500 est
570 2445 899 2511 ingenium.

917 2523 1015 2590 oli,
1047 2541 1254 2588 regem
1285 2539 1382 2574 me
1415 2538 1543 2574 esse
1575 2519 1855 2586 oportuit.

339 2612 635 2666 abeuntes
665 2608 842 2662 ambo
873 2606 969 2660 hic
1000 2613 1131 2659 tum
1166 2622 1339 2658 senes
1369 2621 1466 2657 me
1499 2600 1630 2655 filiis

334 2693 683 2762 relinquont
713 2693 879 2759 quasi
911 2692 1280 2755 magistrum.

1300 2787 1336 2823 o
1368 2766 1546 2834 Geta,
1578 2767 1942 2834 provinciam

333 2862 542 2929 cepisti
577 2857 802 2912 duram.

824 2941 906 2992 mi
939 2955 1077 2992 usus
1108 2937 1295 3000 venit,
1326 2931 1439 2986 hoe
1470 2933 1622 2986 scio:

331 3028 578 3080 memini
611 3021 868 3090 relinqui
899 3039 996 3074 me
1027 3018 1143 3073 deo
1173 3020 1324 3070 irato
1354 3032 1505 3069 meo,

334 3113 503 3176 coepi
534 3105 832 3160 advorsari
865 3105 1086 3170 primo:
1133 3097 1276 3167 quid
1309 3096 1502 3152 verbis
1533 3094 1747 3164 opust?

336 3197 408 3247 12

2181 1104 2258 1163 60

2173 2437 2251 2493 70
