<?xml version="1.0" encoding="UTF-8"?>
<!DOCTYPE html PUBLIC "-//W3C//DTD XHTML 1.0 Transitional//EN"
    "http://www.w3.org/TR/xhtml1/DTD/xhtml1-transitional.dtd">
<html xmlns="http://www.w3.org/1999/xhtml" xml:lang="en" lang="en">
 <head>
  <title>
</title>
<meta http-equiv="Content-Type" content="text/html;charset=utf-8" />
  <meta name='ocr-system' content='tesseract 3.04.00' />
  <meta name='ocr-capabilities' content='ocr_page ocr_carea ocr_par ocr_line ocrx_word'/>
</head>
<body>
  <div class='ocr_page' id='page_1' title='image "./terence00tereuoft_0058.png"; bbox 0 0 2352 3724; ppageno 0'>
   <div class='ocr_carea' id='block_1_1' title="bbox 635 239 1767 303">
    <p class='ocr_par' dir='ltr' id='par_1_1' title="bbox 635 239 1767 303">
     <span class='ocr_line' id='line_1_1' title="bbox 635 239 1767 303; baseline 0.008 -9"><span class='ocrx_word' id='word_1_1' title='bbox 635 239 879 297; x_wconf 88' lang='lat' dir='ltr'>PUBLI</span> <span class='ocrx_word' id='word_1_2' title='bbox 893 242 989 298; x_wconf 90' lang='lat' dir='ltr'><strong>US</strong></span> <span class='ocrx_word' id='word_1_3' title='bbox 1034 242 1394 299; x_wconf 88' lang='lat' dir='ltr'><strong>TERENTI</strong></span> <span class='ocrx_word' id='word_1_4' title='bbox 1406 246 1503 303; x_wconf 68' lang='grc' dir='ltr'><strong>ΕΞ</strong></span> <span class='ocrx_word' id='word_1_5' title='bbox 1551 247 1767 302; x_wconf 87' lang='lat' dir='ltr'><strong>AFER</strong></span> 
     </span>
    </p>
   </div>
   <div class='ocr_carea' id='block_1_2' title="bbox 80 366 2066 626">
    <p class='ocr_par' dir='ltr' id='par_1_2' title="bbox 80 366 2066 626">
     <span class='ocr_line' id='line_1_2' title="bbox 339 366 1713 436; baseline 0.006 -21"><span class='ocrx_word' id='word_1_6' title='bbox 339 367 585 430; x_wconf 85' lang='lat' dir='ltr'><strong>propter</strong></span> <span class='ocrx_word' id='word_1_7' title='bbox 614 368 971 430; x_wconf 80' lang='lat' dir='ltr'><strong>egestatem,</strong></span> <span class='ocrx_word' id='word_1_8' title='bbox 1004 382 1294 432; x_wconf 87' lang='lat' dir='ltr'><strong>proxumo</strong></span> <span class='ocrx_word' id='word_1_9' title='bbox 1324 369 1539 422; x_wconf 89' lang='lat' dir='ltr'><strong>iussast</strong></span> <span class='ocrx_word' id='word_1_10' title='bbox 1568 366 1713 436; x_wconf 85' lang='lat' dir='ltr'><strong>dari,</strong></span> 
     </span>
     <span class='ocr_line' id='line_1_3' title="bbox 341 457 1870 528; baseline 0.006 -19"><span class='ocrx_word' id='word_1_11' title='bbox 341 463 407 510; x_wconf 89' lang='lat' dir='ltr'><strong>ut</strong></span> <span class='ocrx_word' id='word_1_12' title='bbox 442 475 578 510; x_wconf 91' lang='lat' dir='ltr'><strong>cum</strong></span> <span class='ocrx_word' id='word_1_13' title='bbox 609 475 730 510; x_wconf 88' lang='lat' dir='ltr'><strong>uno</strong></span> <span class='ocrx_word' id='word_1_14' title='bbox 759 463 1027 512; x_wconf 86' lang='lat' dir='ltr'><strong>aetatem</strong></span> <span class='ocrx_word' id='word_1_15' title='bbox 1056 457 1352 526; x_wconf 78' lang='lat' dir='ltr'><strong>degeret?</strong></span> <span class='ocrx_word' id='word_1_16' title='bbox 1397 460 1557 528; x_wconf 90' lang='lat' dir='ltr'><strong>quod</strong></span> <span class='ocrx_word' id='word_1_17' title='bbox 1589 468 1655 516; x_wconf 90' lang='lat' dir='ltr'><strong>tu</strong></span> <span class='ocrx_word' id='word_1_18' title='bbox 1687 470 1870 519; x_wconf 90' lang='lat' dir='ltr'><strong>vetas.</strong></span> 
     </span>
     <span class='ocr_line' id='line_1_4' title="bbox 80 549 2066 626; baseline 0.005 -21"><span class='ocrx_word' id='word_1_19' title='bbox 80 549 255 606; x_wconf 85' lang='lat' dir='ltr'><strong>Demi.</strong></span> <span class='ocrx_word' id='word_1_20' title='bbox 340 555 443 618; x_wconf 78' lang='lat' dir='ltr'><strong>ita,</strong></span> <span class='ocrx_word' id='word_1_21' title='bbox 491 569 782 618; x_wconf 86' lang='lat' dir='ltr'><strong>proxumo</strong></span> <span class='ocrx_word' id='word_1_22' title='bbox 828 550 1103 618; x_wconf 86' lang='lat' dir='ltr'><strong>quidem3</strong></span> <span class='ocrx_word' id='word_1_23' title='bbox 1147 559 1212 607; x_wconf 91' lang='lat' dir='ltr'><strong>at</strong></span> <span class='ocrx_word' id='word_1_24' title='bbox 1257 573 1364 608; x_wconf 90' lang='lat' dir='ltr'><strong>nos</strong></span> <span class='ocrx_word' id='word_1_25' title='bbox 1395 555 1595 611; x_wconf 86' lang='lat' dir='ltr'><strong>unde?</strong></span> <span class='ocrx_word' id='word_1_26' title='bbox 1641 565 1746 612; x_wconf 90' lang='lat' dir='ltr'><strong>aut</strong></span> <span class='ocrx_word' id='word_1_27' title='bbox 1779 579 1954 626; x_wconf 85' lang='lat' dir='ltr'><strong>quam</strong></span> <span class='ocrx_word' id='word_1_28' title='bbox 1989 559 2066 614; x_wconf 92' lang='lat' dir='ltr'><strong>ob</strong></span> 
     </span>
    </p>
   </div>
   <div class='ocr_carea' id='block_1_3' title="bbox 73 645 2265 1275">
    <p class='ocr_par' dir='ltr' id='par_1_3' title="bbox 73 645 2265 1275">
     <span class='ocr_line' id='line_1_5' title="bbox 424 645 589 700; baseline 0 -1"><span class='ocrx_word' id='word_1_29' title='bbox 424 664 550 700; x_wconf 91' lang='lat' dir='ltr'><strong>rem</strong></span> <span class='ocrx_word' id='word_1_30' title='bbox 568 645 589 699; x_wconf 88' lang='lat'><strong>?</strong></span> 
     </span>
     <span class='ocr_line' id='line_1_6' title="bbox 79 739 2059 814; baseline 0.003 -19"><span class='ocrx_word' id='word_1_31' title='bbox 79 739 241 796; x_wconf 78' lang='lat' dir='ltr'><strong>Phor.</strong></span> <span class='ocrx_word' id='word_1_32' title='bbox 1923 747 2059 814; x_wconf 84' lang='lat' dir='ltr'><strong>ohe,</strong></span> 
     </span>
     <span class='ocr_line' id='line_1_7' title="bbox 338 820 1234 907; baseline 0.009 -17"><span class='ocrx_word' id='word_1_33' title='bbox 338 820 639 890; x_wconf 83' lang='lat' dir='ltr'><strong>“actum’&#39;</strong></span> <span class='ocrx_word' id='word_1_34' title='bbox 673 840 843 891; x_wconf 78' lang='lat' dir='ltr'><strong>aiunt</strong></span> <span class='ocrx_word' id='word_1_35' title='bbox 876 822 1002 893; x_wconf 84' lang='lat' dir='ltr'><strong>“ne</strong></span> <span class='ocrx_word' id='word_1_36' title='bbox 1032 837 1234 907; x_wconf 79' lang='lat' dir='ltr'><strong>agas,”</strong></span> 
     </span>
     <span class='ocr_line' id='line_1_8' title="bbox 82 929 2137 1001; baseline 0.002 -16"><span class='ocrx_word' id='word_1_37' title='bbox 82 929 254 985; x_wconf 86' lang='lat' dir='ltr'><strong>Demi.</strong></span> <span class='ocrx_word' id='word_1_38' title='bbox 1079 954 1197 988; x_wconf 84' lang='lat' dir='ltr'><strong>non</strong></span> <span class='ocrx_word' id='word_1_39' title='bbox 1223 935 1435 1001; x_wconf 76' lang='lat' dir='ltr'><strong>agam?</strong></span> <span class='ocrx_word' id='word_1_40' title='bbox 1461 939 1641 990; x_wconf 87' lang='lat' dir='ltr'><strong>immo</strong></span> <span class='ocrx_word' id='word_1_41' title='bbox 1667 935 1825 991; x_wconf 83' lang='lat' dir='ltr'><strong>baud</strong></span> <span class='ocrx_word' id='word_1_42' title='bbox 1851 935 2137 997; x_wconf 75' lang='lat' dir='ltr'><strong>desinam.</strong></span> 
     </span>
     <span class='ocr_line' id='line_1_9' title="bbox 337 1024 2265 1093; baseline 0.003 -14"><span class='ocrx_word' id='word_1_43' title='bbox 337 1024 530 1080; x_wconf 91' lang='lat' dir='ltr'><strong>donec</strong></span> <span class='ocrx_word' id='word_1_44' title='bbox 562 1024 871 1093; x_wconf 86' lang='lat' dir='ltr'><strong>perfecero</strong></span> <span class='ocrx_word' id='word_1_45' title='bbox 904 1026 1030 1081; x_wconf 89' lang='lat' dir='ltr'><strong>hoc.</strong></span> <span class='ocrx_word' id='word_1_46' title='bbox 2147 1036 2265 1084; x_wconf 67' lang='lat'><strong>420</strong></span> 
     </span>
     <span class='ocr_line' id='line_1_10' title="bbox 75 1120 1273 1191; baseline 0.002 -16"><span class='ocrx_word' id='word_1_47' title='bbox 75 1120 240 1177; x_wconf 80' lang='lat' dir='ltr'><strong>Phor.</strong></span> <span class='ocrx_word' id='word_1_48' title='bbox 1036 1125 1273 1191; x_wconf 88' lang='lat' dir='ltr'><strong>ineptis.</strong></span> 
     </span>
     <span class='ocr_line' id='line_1_11' title="bbox 73 1215 1612 1275; baseline 0.003 -5"><span class='ocrx_word' id='word_1_49' title='bbox 73 1215 253 1271; x_wconf 91' lang='lat' dir='ltr'><strong>Demi.</strong></span> <span class='ocrx_word' id='word_1_50' title='bbox 1260 1223 1388 1274; x_wconf 90' lang='lat' dir='ltr'><strong>sine</strong></span> <span class='ocrx_word' id='word_1_51' title='bbox 1418 1219 1612 1275; x_wconf 82' lang='lat' dir='ltr'><strong>modo,</strong></span> 
     </span>
    </p>
   </div>
   <div class='ocr_carea' id='block_1_4' title="bbox 74 1311 2051 1938">
    <p class='ocr_par' dir='ltr' id='par_1_4' title="bbox 74 1311 2051 1938">
     <span class='ocr_line' id='line_1_12' title="bbox 74 1311 1845 1383; baseline 0.004 -18"><span class='ocrx_word' id='word_1_52' title='bbox 74 1311 240 1366; x_wconf 84' lang='lat' dir='ltr'><strong>Plzor.</strong></span> <span class='ocrx_word' id='word_1_53' title='bbox 338 1319 641 1380; x_wconf 89' lang='lat' dir='ltr'><strong>postremo</strong></span> <span class='ocrx_word' id='word_1_54' title='bbox 672 1318 876 1367; x_wconf 90' lang='lat' dir='ltr'><strong>tecum</strong></span> <span class='ocrx_word' id='word_1_55' title='bbox 907 1311 991 1366; x_wconf 91' lang='lat' dir='ltr'><strong>nil</strong></span> <span class='ocrx_word' id='word_1_56' title='bbox 1023 1316 1109 1367; x_wconf 87' lang='lat' dir='ltr'><strong>rei</strong></span> <span class='ocrx_word' id='word_1_57' title='bbox 1141 1313 1332 1382; x_wconf 84' lang='lat' dir='ltr'><strong>nobis,</strong></span> <span class='ocrx_word' id='word_1_58' title='bbox 1367 1313 1688 1383; x_wconf 78' lang='lat' dir='ltr'><strong>Demipho,</strong></span> <span class='ocrx_word' id='word_1_59' title='bbox 1722 1322 1845 1371; x_wconf 89' lang='lat' dir='ltr'><strong>est:</strong></span> 
     </span>
     <span class='ocr_line' id='line_1_13' title="bbox 336 1405 1802 1476; baseline 0.002 -15"><span class='ocrx_word' id='word_1_60' title='bbox 336 1414 472 1461; x_wconf 91' lang='lat' dir='ltr'><strong>tuos</strong></span> <span class='ocrx_word' id='word_1_61' title='bbox 504 1413 597 1462; x_wconf 90' lang='lat' dir='ltr'><strong>est</strong></span> <span class='ocrx_word' id='word_1_62' title='bbox 627 1405 944 1461; x_wconf 86' lang='lat' dir='ltr'><strong>damnatus</strong></span> <span class='ocrx_word' id='word_1_63' title='bbox 974 1415 1214 1476; x_wconf 85' lang='lat' dir='ltr'><strong>gnatus,</strong></span> <span class='ocrx_word' id='word_1_64' title='bbox 1247 1428 1369 1463; x_wconf 92' lang='lat' dir='ltr'><strong>non</strong></span> <span class='ocrx_word' id='word_1_65' title='bbox 1399 1416 1497 1475; x_wconf 84' lang='lat' dir='ltr'><strong>tu3</strong></span> <span class='ocrx_word' id='word_1_66' title='bbox 1531 1430 1667 1463; x_wconf 87' lang='lat' dir='ltr'><strong>nam</strong></span> <span class='ocrx_word' id='word_1_67' title='bbox 1700 1418 1802 1465; x_wconf 87' lang='lat' dir='ltr'><strong>tua</strong></span> 
     </span>
     <span class='ocr_line' id='line_1_14' title="bbox 337 1501 1568 1570; baseline 0.003 -16"><span class='ocrx_word' id='word_1_68' title='bbox 337 1505 731 1570; x_wconf 76' lang='lat' dir='ltr'><strong>praeterierat</strong></span> <span class='ocrx_word' id='word_1_69' title='bbox 759 1505 876 1555; x_wconf 91' lang='lat' dir='ltr'><strong>iam</strong></span> <span class='ocrx_word' id='word_1_70' title='bbox 906 1501 983 1557; x_wconf 92' lang='lat' dir='ltr'><strong>ad</strong></span> <span class='ocrx_word' id='word_1_71' title='bbox 1013 1501 1360 1558; x_wconf 91' lang='lat' dir='ltr'><strong>ducendum</strong></span> <span class='ocrx_word' id='word_1_72' title='bbox 1388 1511 1568 1559; x_wconf 84' lang='lat' dir='ltr'><strong>aetas.</strong></span> 
     </span>
     <span class='ocr_line' id='line_1_15' title="bbox 76 1595 1951 1654; baseline 0.001 -2"><span class='ocrx_word' id='word_1_73' title='bbox 76 1595 254 1652; x_wconf 83' lang='lat' dir='ltr'><strong>Demi.</strong></span> <span class='ocrx_word' id='word_1_74' title='bbox 1575 1602 1773 1653; x_wconf 85' lang='lat' dir='ltr'><strong>omnia</strong></span> <span class='ocrx_word' id='word_1_75' title='bbox 1804 1598 1951 1654; x_wconf 89' lang='lat' dir='ltr'><strong>haec</strong></span> 
     </span>
     <span class='ocr_line' id='line_1_16' title="bbox 338 1691 1702 1760; baseline 0.002 -15"><span class='ocrx_word' id='word_1_76' title='bbox 338 1691 506 1746; x_wconf 85' lang='lat' dir='ltr'><strong>illum</strong></span> <span class='ocrx_word' id='word_1_77' title='bbox 538 1697 750 1760; x_wconf 87' lang='lat' dir='ltr'><strong>putato</strong></span> <span class='ocrx_word' id='word_1_78' title='bbox 781 1710 934 1760; x_wconf 90' lang='lat' dir='ltr'><strong>quae</strong></span> <span class='ocrx_word' id='word_1_79' title='bbox 966 1710 1080 1760; x_wconf 87' lang='lat' dir='ltr'><strong>ego</strong></span> <span class='ocrx_word' id='word_1_80' title='bbox 1111 1712 1272 1747; x_wconf 90' lang='lat' dir='ltr'><strong>nunc</strong></span> <span class='ocrx_word' id='word_1_81' title='bbox 1303 1692 1437 1747; x_wconf 90' lang='lat' dir='ltr'><strong>dico</strong></span> <span class='ocrx_word' id='word_1_82' title='bbox 1469 1693 1702 1759; x_wconf 81' lang='lat' dir='ltr'><strong>dicere3</strong></span> 
     </span>
     <span class='ocr_line' id='line_1_17' title="bbox 336 1785 2051 1856; baseline 0.001 -16"><span class='ocrx_word' id='word_1_83' title='bbox 336 1794 441 1840; x_wconf 88' lang='lat' dir='ltr'><strong>aut</strong></span> <span class='ocrx_word' id='word_1_84' title='bbox 471 1785 717 1854; x_wconf 89' lang='lat' dir='ltr'><strong>quidem</strong></span> <span class='ocrx_word' id='word_1_85' title='bbox 747 1805 884 1841; x_wconf 93' lang='lat' dir='ltr'><strong>cum</strong></span> <span class='ocrx_word' id='word_1_86' title='bbox 914 1805 1098 1842; x_wconf 87' lang='lat' dir='ltr'><strong>uxore</strong></span> <span class='ocrx_word' id='word_1_87' title='bbox 1128 1786 1240 1842; x_wconf 89' lang='lat' dir='ltr'><strong>hac</strong></span> <span class='ocrx_word' id='word_1_88' title='bbox 1270 1791 1465 1856; x_wconf 89' lang='lat' dir='ltr'><strong>ipsum</strong></span> <span class='ocrx_word' id='word_1_89' title='bbox 1497 1787 1826 1856; x_wconf 88' lang='lat' dir='ltr'><strong>prohibebo</strong></span> <span class='ocrx_word' id='word_1_90' title='bbox 1856 1786 2051 1843; x_wconf 88' lang='lat' dir='ltr'><strong>domo.</strong></span> 
     </span>
     <span class='ocr_line' id='line_1_18' title="bbox 78 1882 661 1938; baseline -0.005 0"><span class='ocrx_word' id='word_1_91' title='bbox 78 1882 218 1938; x_wconf 82' lang='lat' dir='ltr'><strong>Geta</strong></span> <span class='ocrx_word' id='word_1_92' title='bbox 338 1884 522 1935; x_wconf 87' lang='lat' dir='ltr'><strong>iratus</strong></span> <span class='ocrx_word' id='word_1_93' title='bbox 553 1887 661 1935; x_wconf 91' lang='lat' dir='ltr'><strong>est.</strong></span> 
     </span>
    </p>
   </div>
   <div class='ocr_carea' id='block_1_5' title="bbox 74 1974 2255 2855">
    <p class='ocr_par' dir='ltr' id='par_1_5' title="bbox 76 1974 1522 2032">
     <span class='ocr_line' id='line_1_19' title="bbox 76 1974 1522 2032; baseline -0.001 0"><span class='ocrx_word' id='word_1_94' title='bbox 76 1977 242 2032; x_wconf 78' lang='lat' dir='ltr'><strong>Phor.</strong></span> <span class='ocrx_word' id='word_1_95' title='bbox 662 1982 729 2030; x_wconf 90' lang='lat' dir='ltr'><strong>tu</strong></span> <span class='ocrx_word' id='word_1_96' title='bbox 760 1981 824 2030; x_wconf 90' lang='lat' dir='ltr'><strong>te</strong></span> <span class='ocrx_word' id='word_1_97' title='bbox 854 1974 1018 2031; x_wconf 91' lang='lat' dir='ltr'><strong>idem</strong></span> <span class='ocrx_word' id='word_1_98' title='bbox 1047 1974 1262 2031; x_wconf 90' lang='lat' dir='ltr'><strong>melius</strong></span> <span class='ocrx_word' id='word_1_99' title='bbox 1292 1974 1522 2031; x_wconf 88' lang='lat' dir='ltr'><strong>feceris.</strong></span> 
     </span>
    </p>

    <p class='ocr_par' dir='ltr' id='par_1_6' title="bbox 75 2068 1779 2219">
     <span class='ocr_line' id='line_1_20' title="bbox 75 2068 1779 2140; baseline -0.001 -13"><span class='ocrx_word' id='word_1_100' title='bbox 75 2071 255 2127; x_wconf 84' lang='lat' dir='ltr'><strong>Demi.</strong></span> <span class='ocrx_word' id='word_1_101' title='bbox 337 2074 464 2125; x_wconf 90' lang='lat' dir='ltr'><strong>itan</strong></span> <span class='ocrx_word' id='word_1_102' title='bbox 497 2088 559 2125; x_wconf 91' lang='lat' dir='ltr'><strong>es</strong></span> <span class='ocrx_word' id='word_1_103' title='bbox 589 2076 830 2138; x_wconf 84' lang='lat' dir='ltr'><strong>paratus</strong></span> <span class='ocrx_word' id='word_1_104' title='bbox 860 2068 1059 2125; x_wconf 88' lang='lat' dir='ltr'><strong>facere</strong></span> <span class='ocrx_word' id='word_1_105' title='bbox 1088 2089 1187 2125; x_wconf 91' lang='lat' dir='ltr'><strong>me</strong></span> <span class='ocrx_word' id='word_1_106' title='bbox 1215 2069 1530 2126; x_wconf 90' lang='lat' dir='ltr'><strong>advorsum</strong></span> <span class='ocrx_word' id='word_1_107' title='bbox 1562 2074 1779 2140; x_wconf 91' lang='lat' dir='ltr'><strong>omnia,</strong></span> 
     </span>
     <span class='ocr_line' id='line_1_21' title="bbox 336 2162 585 2219; baseline -0.004 0"><span class='ocrx_word' id='word_1_108' title='bbox 336 2162 585 2219; x_wconf 86' lang='lat' dir='ltr'><strong>infelix?</strong></span> 
     </span>
    </p>

    <p class='ocr_par' dir='ltr' id='par_1_7' title="bbox 80 2244 1600 2395">
     <span class='ocr_line' id='line_1_22' title="bbox 80 2244 1600 2314; baseline -0.001 -10"><span class='ocrx_word' id='word_1_109' title='bbox 80 2247 242 2304; x_wconf 75' lang='lat' dir='ltr'><strong>Phor.</strong></span> <span class='ocrx_word' id='word_1_110' title='bbox 581 2250 800 2301; x_wconf 88' lang='lat' dir='ltr'><strong>metuit</strong></span> <span class='ocrx_word' id='word_1_111' title='bbox 829 2244 927 2301; x_wconf 91' lang='lat' dir='ltr'><strong>hic</strong></span> <span class='ocrx_word' id='word_1_112' title='bbox 957 2265 1085 2314; x_wconf 86' lang='lat' dir='ltr'><strong>nOS‚</strong></span> <span class='ocrx_word' id='word_1_113' title='bbox 1117 2250 1359 2301; x_wconf 89' lang='lat' dir='ltr'><strong>tametsi</strong></span> <span class='ocrx_word' id='word_1_114' title='bbox 1390 2245 1600 2302; x_wconf 90' lang='lat' dir='ltr'><strong>sedulo</strong></span> 
     </span>
     <span class='ocr_line' id='line_1_23' title="bbox 338 2339 686 2395; baseline -0.006 0"><span class='ocrx_word' id='word_1_115' title='bbox 338 2339 686 2395; x_wconf 79' lang='lat' dir='ltr'><strong>dissimulat.</strong></span> 
     </span>
    </p>

    <p class='ocr_par' dir='ltr' id='par_1_8' title="bbox 79 2421 1563 2491">
     <span class='ocr_line' id='line_1_24' title="bbox 79 2421 1563 2491; baseline -0.001 -11"><span class='ocrx_word' id='word_1_116' title='bbox 79 2424 220 2480; x_wconf 79' lang='lat' dir='ltr'><strong>Geta</strong></span> <span class='ocrx_word' id='word_1_117' title='bbox 670 2422 826 2477; x_wconf 89' lang='lat' dir='ltr'><strong>bene</strong></span> <span class='ocrx_word' id='word_1_118' title='bbox 858 2421 1088 2478; x_wconf 88' lang='lat' dir='ltr'><strong>habent</strong></span> <span class='ocrx_word' id='word_1_119' title='bbox 1117 2423 1227 2477; x_wconf 82' lang='lat' dir='ltr'><strong>tibi</strong></span> <span class='ocrx_word' id='word_1_120' title='bbox 1259 2426 1563 2491; x_wconf 87' lang='lat' dir='ltr'><strong>principia.</strong></span> 
     </span>
    </p>

    <p class='ocr_par' dir='ltr' id='par_1_9' title="bbox 84 2516 2255 2762">
     <span class='ocr_line' id='line_1_25' title="bbox 84 2516 2011 2586; baseline 0 -12"><span class='ocrx_word' id='word_1_121' title='bbox 84 2519 241 2574; x_wconf 77' lang='lat' dir='ltr'><strong>Phor.</strong></span> <span class='ocrx_word' id='word_1_122' title='bbox 1550 2521 1695 2586; x_wconf 90' lang='lat' dir='ltr'><strong>quin</strong></span> <span class='ocrx_word' id='word_1_123' title='bbox 1726 2516 1886 2585; x_wconf 86' lang='lat' dir='ltr'><strong>quod</strong></span> <span class='ocrx_word' id='word_1_124' title='bbox 1918 2525 2011 2574; x_wconf 87' lang='lat' dir='ltr'><strong>est</strong></span> 
     </span>
     <span class='ocr_line' id='line_1_26' title="bbox 337 2610 2255 2679; baseline -0.002 -11"><span class='ocrx_word' id='word_1_125' title='bbox 337 2611 658 2668; x_wconf 84' lang='lat' dir='ltr'><strong>ferundum</strong></span> <span class='ocrx_word' id='word_1_126' title='bbox 690 2611 846 2667; x_wconf 83' lang='lat' dir='ltr'><strong>fers?</strong></span> <span class='ocrx_word' id='word_1_127' title='bbox 877 2615 995 2666; x_wconf 87' lang='lat' dir='ltr'><strong>tuis</strong></span> <span class='ocrx_word' id='word_1_128' title='bbox 1026 2611 1278 2679; x_wconf 88' lang='lat' dir='ltr'><strong>dignum</strong></span> <span class='ocrx_word' id='word_1_129' title='bbox 1310 2610 1481 2667; x_wconf 86' lang='lat' dir='ltr'><strong>factis</strong></span> <span class='ocrx_word' id='word_1_130' title='bbox 1511 2610 1742 2678; x_wconf 85' lang='lat' dir='ltr'><strong>feceriS‚</strong></span> <span class='ocrx_word' id='word_1_131' title='bbox 2138 2616 2255 2665; x_wconf 73' lang='lat'><strong>430</strong></span> 
     </span>
     <span class='ocr_line' id='line_1_27' title="bbox 337 2709 1162 2762; baseline -0.002 0"><span class='ocrx_word' id='word_1_132' title='bbox 337 2715 406 2762; x_wconf 90' lang='lat' dir='ltr'><strong>ut</strong></span> <span class='ocrx_word' id='word_1_133' title='bbox 433 2710 607 2761; x_wconf 84' lang='lat' dir='ltr'><strong>amici</strong></span> <span class='ocrx_word' id='word_1_134' title='bbox 637 2710 798 2761; x_wconf 89' lang='lat' dir='ltr'><strong>inter</strong></span> <span class='ocrx_word' id='word_1_135' title='bbox 826 2724 934 2760; x_wconf 89' lang='lat' dir='ltr'><strong>nos</strong></span> <span class='ocrx_word' id='word_1_136' title='bbox 964 2709 1162 2761; x_wconf 90' lang='lat' dir='ltr'><strong>simus.</strong></span> 
     </span>
    </p>

    <p class='ocr_par' dir='ltr' id='par_1_10' title="bbox 74 2789 1836 2855">
     <span class='ocr_line' id='line_1_28' title="bbox 74 2789 1836 2855; baseline -0.003 -9"><span class='ocrx_word' id='word_1_137' title='bbox 74 2789 254 2846; x_wconf 85' lang='lat' dir='ltr'><strong>Demi.</strong></span> <span class='ocrx_word' id='word_1_138' title='bbox 1171 2807 1327 2855; x_wconf 88' lang='lat' dir='ltr'><strong>egon</strong></span> <span class='ocrx_word' id='word_1_139' title='bbox 1357 2794 1525 2842; x_wconf 91' lang='lat' dir='ltr'><strong>tuam</strong></span> <span class='ocrx_word' id='word_1_140' title='bbox 1555 2794 1836 2854; x_wconf 85' lang='lat' dir='ltr'><strong>expetam</strong></span> 
     </span>
    </p>
   </div>
   <div class='ocr_carea' id='block_1_6' title="bbox 76 2880 1831 3043">
    <p class='ocr_par' dir='ltr' id='par_1_11' title="bbox 76 2880 1831 3043">
     <span class='ocr_line' id='line_1_29' title="bbox 333 2880 1831 2938; baseline -0.003 0"><span class='ocrx_word' id='word_1_141' title='bbox 333 2882 695 2938; x_wconf 85' lang='lat' dir='ltr'><strong>amicitiam?</strong></span> <span class='ocrx_word' id='word_1_142' title='bbox 723 2888 830 2938; x_wconf 85' lang='lat' dir='ltr'><strong>aut</strong></span> <span class='ocrx_word' id='word_1_143' title='bbox 858 2887 923 2937; x_wconf 88' lang='lat' dir='ltr'><strong>te</strong></span> <span class='ocrx_word' id='word_1_144' title='bbox 955 2885 1145 2936; x_wconf 87' lang='lat' dir='ltr'><strong>visum</strong></span> <span class='ocrx_word' id='word_1_145' title='bbox 1174 2889 1279 2935; x_wconf 86' lang='lat' dir='ltr'><strong>aut</strong></span> <span class='ocrx_word' id='word_1_146' title='bbox 1309 2880 1581 2936; x_wconf 87' lang='lat' dir='ltr'><strong>auditum</strong></span> <span class='ocrx_word' id='word_1_147' title='bbox 1614 2880 1831 2935; x_wconf 91' lang='lat' dir='ltr'><strong>velim?</strong></span> 
     </span>
     <span class='ocr_line' id='line_1_30' title="bbox 76 2975 1772 3043; baseline -0.004 -8"><span class='ocrx_word' id='word_1_148' title='bbox 76 2978 238 3036; x_wconf 79' lang='lat' dir='ltr'><strong>Phor.</strong></span> <span class='ocrx_word' id='word_1_149' title='bbox 334 2980 383 3032; x_wconf 92' lang='lat' dir='ltr'><strong>si</strong></span> <span class='ocrx_word' id='word_1_150' title='bbox 413 2976 798 3032; x_wconf 78' lang='lat' dir='ltr'><strong>concordabis</strong></span> <span class='ocrx_word' id='word_1_151' title='bbox 828 2995 965 3031; x_wconf 91' lang='lat' dir='ltr'><strong>cum</strong></span> <span class='ocrx_word' id='word_1_152' title='bbox 994 2975 1114 3043; x_wconf 88' lang='lat' dir='ltr'><strong>illa,</strong></span> <span class='ocrx_word' id='word_1_153' title='bbox 1145 2975 1394 3030; x_wconf 87' lang='lat' dir='ltr'><strong>habebis</strong></span> <span class='ocrx_word' id='word_1_154' title='bbox 1424 2993 1576 3043; x_wconf 89' lang='lat' dir='ltr'><strong>quae</strong></span> <span class='ocrx_word' id='word_1_155' title='bbox 1607 2982 1772 3029; x_wconf 89' lang='lat' dir='ltr'><strong>tuam</strong></span> 
     </span>
    </p>
   </div>
   <div class='ocr_carea' id='block_1_7' title="bbox 332 3069 1806 3208">
    <p class='ocr_par' dir='ltr' id='par_1_12' title="bbox 332 3069 1806 3208">
     <span class='ocr_line' id='line_1_31' title="bbox 332 3069 1806 3137; baseline -0.004 -10"><span class='ocrx_word' id='word_1_156' title='bbox 332 3077 714 3127; x_wconf 89' lang='lat' dir='ltr'><strong>senectutem</strong></span> <span class='ocrx_word' id='word_1_157' title='bbox 742 3069 1041 3125; x_wconf 84' lang='lat' dir='ltr'><strong>oblectet:</strong></span> <span class='ocrx_word' id='word_1_158' title='bbox 1073 3073 1301 3137; x_wconf 85' lang='lat' dir='ltr'><strong>respice</strong></span> <span class='ocrx_word' id='word_1_159' title='bbox 1331 3076 1594 3124; x_wconf 84' lang='lat' dir='ltr'><strong>aetatem</strong></span> <span class='ocrx_word' id='word_1_160' title='bbox 1626 3076 1806 3123; x_wconf 79' lang='lat' dir='ltr'><strong>tuam,</strong></span> 
     </span>
     <span class='ocr_line' id='line_1_32' title="bbox 333 3158 409 3208; baseline 0.013 -1"><span class='ocrx_word' id='word_1_161' title='bbox 333 3158 409 3208; x_wconf 79' lang='lat'><strong>48</strong></span> 
     </span>
    </p>
   </div>
  </div>
 </body>
</html>
