2404 3704
680 274 1037 334 PUBLIUS
1081 277 1552 338 TERENTIUS
1597 281 1815 336 AFER

389 415 507 451 una
535 396 678 452 illuc
706 416 941 452 mecum
974 396 1115 453 hinc
1145 399 1501 455 abstraham.

125 476 299 534 Micio
1513 491 1900 554 pugnaveris:

391 585 464 623 eo
494 575 672 638 pacto
701 588 970 638 prorsum
1002 568 1089 624 illi
1119 569 1400 641 adligaris
1431 572 1633 629 filium.

390 655 570 712 modo
600 656 782 712 facito
814 664 882 712 ut
913 657 1073 712 illam
1106 678 1320 715 serves,

134 739 338 795 Demea
1326 763 1440 813 ego
1469 748 1623 800 istuc
1654 744 1859 801 videro

390 835 573 897 atque
604 829 683 884 ibi
717 828 954 885 favillae
986 829 1185 900 plena,
1217 830 1364 887 fumi
1396 853 1464 888 ac
1493 833 1732 902 pollinis

392 917 708 986 coquendo
738 922 815 974 sit
846 917 982 974 faxo
1015 927 1078 975 et
1107 920 1428 987 molend03
1473 929 1711 991 praeter
1741 921 1890 978 haec

393 1006 644 1062 meridie
675 1011 803 1076 ipso
833 1006 1045 1062 faciam
1077 1016 1145 1063 ut
1176 1009 1455 1077 stipulam
1489 1011 1789 1079 conligat:

393 1102 514 1150 tam
543 1103 848 1151 excoctam
876 1096 1121 1152 reddam
1147 1106 1329 1165 atque
1353 1107 1544 1153 atram
1568 1119 1745 1168 quam
1770 1100 2018 1156 carbost.

130 1184 303 1240 Micio
477 1232 480 1234 .
1878 1188 2114 1257 placet:

394 1294 556 1330 nunc
586 1273 732 1328 mihi
760 1273 970 1330 ‘videre
1003 1295 1226 1344 sapere.
1317 1284 1501 1344 atque
1533 1276 1814 1344 equidem
1846 1276 2031 1332 filium
2203 1283 2320 1332 850

394 1370 524 1419 tum
552 1367 731 1418 etiam
766 1367 811 1418 si
845 1363 999 1419 nolit
1029 1384 1236 1433 cogam
1270 1372 1338 1420 ut
1369 1385 1502 1419 cum
1535 1365 1636 1419 illa
1667 1385 1785 1419 una
1816 1366 2012 1420 cubet.

133 1453 344 1508 Demea
397 1451 681 1507 derides?
726 1451 1087 1509 fortunatu's
1120 1458 1218 1522 qui
1253 1458 1368 1509 isto
1398 1459 1597 1509 animo
1628 1459 1757 1509 sies.

397 1561 511 1610 ego
541 1545 750 1596 sentiO.
788 1584 799 1596 .
835 1583 848 1596 .

134 1625 307 1681 Micio
855 1623 952 1693 ah,
983 1629 1264 1695 pergisne
1287 1626 1308 1680 ?

138 1716 346 1771 Demea
1315 1719 1430 1770 iam
1463 1719 1580 1770 iam
1611 1714 1835 1771 desino.

135 1805 307 1860 Mzcz'o
397 1808 411 1858 i
457 1823 601 1872 ergo
640 1806 819 1872 intrO,
861 1810 926 1859 et
961 1807 1096 1872 quoi
1143 1807 1223 1858 rei
1265 1812 1376 1873 est,
1414 1808 1467 1859 ei
1506 1808 1591 1860 rei
1627 1824 1788 1859 nunc
1825 1823 2124 1860 sumamus

482 1893 660 1948 diem.

14 1968 34 2017 ss
139 1984 347 2039 Demea
401 1982 743 2050 Numquam
776 1984 859 2037 ita
892 1984 1204 2050 quisquam
1235 1982 1392 2037 bene
1423 1980 1716 2037 subducta
1748 1984 1979 2036 ratione
2010 1980 2084 2036 ad

140 2074 267 2130 V.1v
491 2075 671 2126 vitam
705 2069 822 2126 fuit

403 2164 546 2229 quin
579 2179 671 2214 res
703 2167 867 2215 aetas
901 2178 1037 2214 usus
1069 2179 1306 2228 semper
1335 2158 1560 2227 aliquid
1591 2157 1874 2227 adportet
1902 2161 2060 2226 novi,

402 2248 625 2317 aliquid
648 2255 893 2303 moneat
917 2267 929 2302 :
974 2255 1043 2303 ut
1063 2247 1163 2302 illa
1184 2267 1336 2316 quae
1355 2255 1420 2302 te
1441 2251 1618 2303 scisse
1643 2246 1848 2302 credas
1871 2250 2121 2314 nesciaS‚

405 2346 469 2397 et
504 2357 657 2406 quae
693 2338 801 2392 tibi
842 2340 1069 2406 putaris
1105 2341 1314 2406 prima,
1351 2341 1412 2390 in
1445 2335 1816 2406 experiundo
1844 2342 1915 2391 ut
1943 2354 2120 2404 repu-

487 2426 631 2482 dies.

403 2515 565 2586 quod
597 2535 759 2570 nunc
788 2518 871 2570 mi
903 2518 1139 2582 evenit3
1182 2535 1319 2569 nam
1354 2533 1468 2583 ego
1492 2517 1674 2569 vitam
1700 2512 1909 2569 duram
1939 2532 2117 2582 quam

490 2608 610 2659 vixi.
641 2624 830 2673 usque
861 2603 1058 2659 adhuc

406 2713 592 2764 prope
619 2697 735 2747 iam
761 2712 1009 2748 excurso
1033 2696 1227 2762 spatio
1250 2695 1480 2747 omitto,
1564 2689 1625 2746 id
1651 2710 1827 2760 quam
1853 2691 1930 2746 ob
1954 2689 2118 2745 rem?
2206 2684 2324 2745 860

492 2801 557 2836 re
588 2785 717 2851 ipsa
746 2785 985 2849 repperi

409 2870 699 2927 facilitate
731 2869 814 2925 nil
849 2888 978 2924 esse
1009 2868 1236 2924 homini
1267 2868 1481 2924 melius
1511 2886 1711 2937 neque
1741 2866 2079 2922 clementia.

410 2959 472 3016 id
497 2978 626 3015 esse
650 2978 859 3013 verum
885 2977 959 3013 ex
988 2977 1087 3013 me
1117 2965 1301 3027 atque
1327 2976 1398 3013 ex
1425 2955 1610 3012 fratre
1634 2959 1863 3026 quoivis
1885 2953 2120 3010 facilest

491 3066 755 3103 noscere.

401 3137 506 3194 ille
546 3154 713 3191 suam
745 3137 872 3203 egit
902 3152 1139 3199 semper
1170 3137 1353 3189 vitam
1384 3135 1447 3187 in
1477 3135 1621 3200 otio,
1650 3134 1715 3188 in
1743 3133 2047 3199 conviviiS,

407 3216 525 3276 306
