<?xml version="1.0" encoding="UTF-8"?>
<!DOCTYPE html PUBLIC "-//W3C//DTD XHTML 1.0 Transitional//EN"
    "http://www.w3.org/TR/xhtml1/DTD/xhtml1-transitional.dtd">
<html xmlns="http://www.w3.org/1999/xhtml" xml:lang="en" lang="en">
 <head>
  <title>
</title>
<meta http-equiv="Content-Type" content="text/html;charset=utf-8" />
  <meta name='ocr-system' content='tesseract 3.04.00' />
  <meta name='ocr-capabilities' content='ocr_page ocr_carea ocr_par ocr_line ocrx_word'/>
</head>
<body>
  <div class='ocr_page' id='page_1' title='image "./terence00tereuoft_0158.png"; bbox 0 0 2352 3724; ppageno 0'>
   <div class='ocr_carea' id='block_1_1' title="bbox 689 222 1821 284">
    <p class='ocr_par' dir='ltr' id='par_1_1' title="bbox 689 222 1821 284">
     <span class='ocr_line' id='line_1_1' title="bbox 689 222 1821 284; baseline 0.004 -6"><span class='ocrx_word' id='word_1_1' title='bbox 689 222 1043 281; x_wconf 89' lang='lat' dir='ltr'>PUBLIUS</span> <span class='ocrx_word' id='word_1_2' title='bbox 1087 225 1558 284; x_wconf 87' lang='lat' dir='ltr'>TERENTIUS</span> <span class='ocrx_word' id='word_1_3' title='bbox 1602 227 1821 283; x_wconf 86' lang='lat' dir='ltr'><strong>AFER</strong></span> 
     </span>
    </p>
   </div>
   <div class='ocr_carea' id='block_1_2' title="bbox 142 341 2105 415">
    <p class='ocr_par' dir='ltr' id='par_1_2' title="bbox 142 341 2105 415">
     <span class='ocr_line' id='line_1_2' title="bbox 142 341 2105 415; baseline 0.005 -19"><span class='ocrx_word' id='word_1_4' title='bbox 142 341 346 396; x_wconf 73' lang='lat' dir='ltr'>Laches</span> <span class='ocrx_word' id='word_1_5' title='bbox 394 350 576 411; x_wconf 81' lang='lat' dir='ltr'>atque</span> <span class='ocrx_word' id='word_1_6' title='bbox 623 362 827 398; x_wconf 88' lang='lat' dir='ltr'>eccum</span> <span class='ocrx_word' id='word_1_7' title='bbox 875 345 1234 414; x_wconf 79' lang='lat' dir='ltr'>Phidippum</span> <span class='ocrx_word' id='word_1_8' title='bbox 1275 353 1522 415; x_wconf 79' lang='lat' dir='ltr'><strong>optume</strong></span> <span class='ocrx_word' id='word_1_9' title='bbox 1559 346 1765 403; x_wconf 90' lang='lat' dir='ltr'>video:</span> <span class='ocrx_word' id='word_1_10' title='bbox 1810 348 1952 404; x_wconf 90' lang='lat' dir='ltr'>hinc</span> <span class='ocrx_word' id='word_1_11' title='bbox 1990 355 2105 405; x_wconf 87' lang='lat' dir='ltr'>iam</span> 
     </span>
    </p>
   </div>
   <div class='ocr_carea' id='block_1_3' title="bbox 141 1089 257 1144">
    <p class='ocr_par' dir='ltr' id='par_1_3' title="bbox 141 1089 257 1144">
     <span class='ocr_line' id='line_1_3' title="bbox 141 1089 257 1144; baseline 0.009 -1"><span class='ocrx_word' id='word_1_12' title='bbox 141 1089 257 1144; x_wconf 70' lang='lat' dir='ltr'>l’lnss.</span> 
     </span>
    </p>
   </div>
   <div class='ocr_carea' id='block_1_4' title="bbox 139 1173 347 1228">
    <p class='ocr_par' dir='ltr' id='par_1_4' title="bbox 139 1173 347 1228">
     <span class='ocr_line' id='line_1_4' title="bbox 139 1173 347 1228; baseline -0.014 0"><span class='ocrx_word' id='word_1_13' title='bbox 139 1173 347 1228; x_wconf 71' lang='lat' dir='ltr'>Laches</span> 
     </span>
    </p>
   </div>
   <div class='ocr_carea' id='block_1_5' title="bbox 140 2669 250 2726">
    <p class='ocr_par' dir='ltr' id='par_1_5' title="bbox 140 2669 250 2726">
     <span class='ocr_line' id='line_1_5' title="bbox 140 2669 250 2726; baseline 0.055 -6"><span class='ocrx_word' id='word_1_14' title='bbox 140 2669 250 2726; x_wconf 78' lang='lat' dir='ltr'>Phi.</span> 
     </span>
    </p>
   </div>
   <div class='ocr_carea' id='block_1_6' title="bbox 395 426 2108 1662">
    <p class='ocr_par' dir='ltr' id='par_1_6' title="bbox 395 426 2108 1662">
     <span class='ocr_line' id='line_1_6' title="bbox 481 426 1088 495; baseline 0.007 -16"><span class='ocrx_word' id='word_1_15' title='bbox 481 426 644 480; x_wconf 83' lang='lat' dir='ltr'>scibo</span> <span class='ocrx_word' id='word_1_16' title='bbox 676 426 788 481; x_wconf 90' lang='lat' dir='ltr'>hoc</span> <span class='ocrx_word' id='word_1_17' title='bbox 820 428 963 495; x_wconf 89' lang='lat' dir='ltr'>quid</span> <span class='ocrx_word' id='word_1_18' title='bbox 996 433 1088 483; x_wconf 91' lang='lat' dir='ltr'>sit.</span> 
     </span>
     <span class='ocr_line' id='line_1_7' title="bbox 402 507 2105 583; baseline 0.005 -21"><span class='ocrx_word' id='word_1_19' title='bbox 402 507 715 578; x_wconf 82' lang='lat' dir='ltr'>Phidippe,</span> <span class='ocrx_word' id='word_1_20' title='bbox 748 529 862 578; x_wconf 93' lang='lat' dir='ltr'>ego</span> <span class='ocrx_word' id='word_1_21' title='bbox 891 530 989 566; x_wconf 90' lang='lat' dir='ltr'>me</span> <span class='ocrx_word' id='word_1_22' title='bbox 1020 515 1169 566; x_wconf 89' lang='lat' dir='ltr'>meis</span> <span class='ocrx_word' id='word_1_23' title='bbox 1200 512 1476 567; x_wconf 90' lang='lat' dir='ltr'>omnibus</span> <span class='ocrx_word' id='word_1_24' title='bbox 1507 517 1628 568; x_wconf 90' lang='lat' dir='ltr'>scio</span> <span class='ocrx_word' id='word_1_25' title='bbox 1670 533 1798 569; x_wconf 88' lang='lat' dir='ltr'>esse</span> <span class='ocrx_word' id='word_1_26' title='bbox 1836 514 2105 583; x_wconf 81' lang='lat' dir='ltr'>adprime</span> 
     </span>
     <span class='ocr_line' id='line_1_8' title="bbox 479 592 936 662; baseline 0.002 -15"><span class='ocrx_word' id='word_1_27' title='bbox 479 592 936 662; x_wconf 88' lang='lat' dir='ltr'>obsequentem,</span> 
     </span>
     <span class='ocr_line' id='line_1_9' title="bbox 398 674 2108 748; baseline 0.004 -18"><span class='ocrx_word' id='word_1_28' title='bbox 398 674 505 731; x_wconf 90' lang='lat' dir='ltr'>sed</span> <span class='ocrx_word' id='word_1_29' title='bbox 544 694 666 730; x_wconf 92' lang='lat' dir='ltr'>non</span> <span class='ocrx_word' id='word_1_30' title='bbox 705 675 858 731; x_wconf 91' lang='lat' dir='ltr'>adeo</span> <span class='ocrx_word' id='word_1_31' title='bbox 897 683 967 732; x_wconf 91' lang='lat' dir='ltr'>ut</span> <span class='ocrx_word' id='word_1_32' title='bbox 1005 696 1140 732; x_wconf 91' lang='lat' dir='ltr'>mea</span> <span class='ocrx_word' id='word_1_33' title='bbox 1184 676 1438 733; x_wconf 79' lang='lat' dir='ltr'>facilitas</span> <span class='ocrx_word' id='word_1_34' title='bbox 1485 688 1827 748; x_wconf 86' lang='lat' dir='ltr'>corrumpat</span> <span class='ocrx_word' id='word_1_35' title='bbox 1870 680 2108 736; x_wconf 88' lang='lat' dir='ltr'>illorum</span> 
     </span>
     <span class='ocr_line' id='line_1_10' title="bbox 485 762 744 814; baseline 0.008 -2"><span class='ocrx_word' id='word_1_36' title='bbox 485 762 744 814; x_wconf 84' lang='lat' dir='ltr'>animos:</span> 
     </span>
     <span class='ocr_line' id='line_1_11' title="bbox 399 841 2107 912; baseline 0.004 -16"><span class='ocrx_word' id='word_1_37' title='bbox 399 841 559 910; x_wconf 88' lang='lat' dir='ltr'>quod</span> <span class='ocrx_word' id='word_1_38' title='bbox 594 849 661 896; x_wconf 88' lang='lat' dir='ltr'>tu</span> <span class='ocrx_word' id='word_1_39' title='bbox 698 845 745 897; x_wconf 93' lang='lat' dir='ltr'>si</span> <span class='ocrx_word' id='word_1_40' title='bbox 782 841 945 897; x_wconf 89' lang='lat' dir='ltr'>idem</span> <span class='ocrx_word' id='word_1_41' title='bbox 981 841 1228 911; x_wconf 89' lang='lat' dir='ltr'>faceres,</span> <span class='ocrx_word' id='word_1_42' title='bbox 1260 847 1450 912; x_wconf 89' lang='lat' dir='ltr'>magis</span> <span class='ocrx_word' id='word_1_43' title='bbox 1487 848 1548 899; x_wconf 92' lang='lat' dir='ltr'>in</span> <span class='ocrx_word' id='word_1_44' title='bbox 1586 864 1713 900; x_wconf 90' lang='lat' dir='ltr'>rem</span> <span class='ocrx_word' id='word_1_45' title='bbox 1751 852 1815 902; x_wconf 88' lang='lat' dir='ltr'>et</span> <span class='ocrx_word' id='word_1_46' title='bbox 1849 854 2107 902; x_wconf 82' lang='lat' dir='ltr'>vostram</span> 
     </span>
     <span class='ocr_line' id='line_1_12' title="bbox 482 925 1140 981; baseline 0.003 -3"><span class='ocrx_word' id='word_1_47' title='bbox 482 931 546 979; x_wconf 90' lang='lat' dir='ltr'>et</span> <span class='ocrx_word' id='word_1_48' title='bbox 575 932 839 979; x_wconf 89' lang='lat' dir='ltr'>nostram</span> <span class='ocrx_word' id='word_1_49' title='bbox 871 925 933 980; x_wconf 90' lang='lat' dir='ltr'>id</span> <span class='ocrx_word' id='word_1_50' title='bbox 965 933 1140 981; x_wconf 85' lang='lat' dir='ltr'>esset.</span> 
     </span>
     <span class='ocr_line' id='line_1_13' title="bbox 402 1007 1730 1078; baseline 0.003 -16"><span class='ocrx_word' id='word_1_51' title='bbox 402 1027 560 1062; x_wconf 88' lang='lat' dir='ltr'>nunc</span> <span class='ocrx_word' id='word_1_52' title='bbox 590 1007 764 1063; x_wconf 90' lang='lat' dir='ltr'>video</span> <span class='ocrx_word' id='word_1_53' title='bbox 794 1011 856 1062; x_wconf 91' lang='lat' dir='ltr'>in</span> <span class='ocrx_word' id='word_1_54' title='bbox 886 1007 1122 1063; x_wconf 90' lang='lat' dir='ltr'>illarum</span> <span class='ocrx_word' id='word_1_55' title='bbox 1155 1028 1284 1064; x_wconf 89' lang='lat' dir='ltr'>esse</span> <span class='ocrx_word' id='word_1_56' title='bbox 1316 1017 1379 1064; x_wconf 92' lang='lat' dir='ltr'>te</span> <span class='ocrx_word' id='word_1_57' title='bbox 1411 1017 1730 1078; x_wconf 78' lang='lat' dir='ltr'>potestate.</span> 
     </span>
     <span class='ocr_line' id='line_1_14' title="bbox 1755 1093 2075 1151; baseline 0.009 -3"><span class='ocrx_word' id='word_1_58' title='bbox 1755 1093 1892 1150; x_wconf 89' lang='lat' dir='ltr'>heia</span> <span class='ocrx_word' id='word_1_59' title='bbox 1920 1114 2075 1151; x_wconf 73' lang='lat' dir='ltr'>vero,</span> 
     </span>
     <span class='ocr_line' id='line_1_15' title="bbox 397 1172 2102 1243; baseline 0.004 -16"><span class='ocrx_word' id='word_1_60' title='bbox 397 1172 516 1229; x_wconf 88' lang='lat' dir='ltr'>adii</span> <span class='ocrx_word' id='word_1_61' title='bbox 540 1180 603 1229; x_wconf 92' lang='lat' dir='ltr'>te</span> <span class='ocrx_word' id='word_1_62' title='bbox 629 1172 758 1229; x_wconf 88' lang='lat' dir='ltr'>heri</span> <span class='ocrx_word' id='word_1_63' title='bbox 782 1173 859 1229; x_wconf 91' lang='lat' dir='ltr'>de</span> <span class='ocrx_word' id='word_1_64' title='bbox 884 1173 1032 1229; x_wconf 86' lang='lat' dir='ltr'>filia:</span> <span class='ocrx_word' id='word_1_65' title='bbox 1063 1181 1133 1230; x_wconf 87' lang='lat' dir='ltr'>ut</span> <span class='ocrx_word' id='word_1_66' title='bbox 1157 1179 1313 1243; x_wconf 65' lang='lat' dir='ltr'>veni,</span> <span class='ocrx_word' id='word_1_67' title='bbox 1335 1176 1548 1231; x_wconf 90' lang='lat' dir='ltr'>itidem</span> <span class='ocrx_word' id='word_1_68' title='bbox 1572 1181 1868 1231; x_wconf 80' lang='lat' dir='ltr'>incertum</span> <span class='ocrx_word' id='word_1_69' title='bbox 1889 1182 2102 1234; x_wconf 88' lang='lat' dir='ltr'>amisti.</span> 
     </span>
     <span class='ocr_line' id='line_1_16' title="bbox 401 1256 2106 1326; baseline 0.003 -16"><span class='ocrx_word' id='word_1_70' title='bbox 401 1256 557 1310; x_wconf 70' lang='lat' dir='ltr'>haud</span> <span class='ocrx_word' id='word_1_71' title='bbox 599 1260 682 1310; x_wconf 87' lang='lat' dir='ltr'>ita</span> <span class='ocrx_word' id='word_1_72' title='bbox 723 1256 920 1325; x_wconf 84' lang='lat' dir='ltr'>decet,</span> <span class='ocrx_word' id='word_1_73' title='bbox 954 1261 1001 1312; x_wconf 90' lang='lat' dir='ltr'>si</span> <span class='ocrx_word' id='word_1_74' title='bbox 1043 1266 1359 1326; x_wconf 81' lang='lat' dir='ltr'>perpetem</span> <span class='ocrx_word' id='word_1_75' title='bbox 1400 1258 1555 1313; x_wconf 90' lang='lat' dir='ltr'>hanc</span> <span class='ocrx_word' id='word_1_76' title='bbox 1599 1264 1682 1314; x_wconf 87' lang='lat' dir='ltr'>vis</span> <span class='ocrx_word' id='word_1_77' title='bbox 1726 1280 1854 1315; x_wconf 82' lang='lat' dir='ltr'>esse</span> <span class='ocrx_word' id='word_1_78' title='bbox 1896 1261 2106 1316; x_wconf 84' lang='lat' dir='ltr'>adfini-</span> 
     </span>
     <span class='ocr_line' id='line_1_17' title="bbox 480 1347 690 1408; baseline -0.005 -13"><span class='ocrx_word' id='word_1_79' title='bbox 480 1347 690 1408; x_wconf 89' lang='lat' dir='ltr'>tatem,</span> 
     </span>
     <span class='ocr_line' id='line_1_18' title="bbox 397 1422 2106 1496; baseline 0.003 -18"><span class='ocrx_word' id='word_1_80' title='bbox 397 1422 592 1479; x_wconf 86' lang='lat' dir='ltr'>celare</span> <span class='ocrx_word' id='word_1_81' title='bbox 617 1430 679 1479; x_wconf 89' lang='lat' dir='ltr'>te</span> <span class='ocrx_word' id='word_1_82' title='bbox 703 1427 832 1478; x_wconf 89' lang='lat' dir='ltr'>iras.</span> <span class='ocrx_word' id='word_1_83' title='bbox 903 1427 949 1478; x_wconf 90' lang='lat' dir='ltr'>si</span> <span class='ocrx_word' id='word_1_84' title='bbox 974 1424 1118 1493; x_wconf 89' lang='lat' dir='ltr'>quid</span> <span class='ocrx_word' id='word_1_85' title='bbox 1145 1431 1238 1479; x_wconf 91' lang='lat' dir='ltr'>est</span> <span class='ocrx_word' id='word_1_86' title='bbox 1259 1432 1575 1494; x_wconf 89' lang='lat' dir='ltr'>peccatum</span> <span class='ocrx_word' id='word_1_87' title='bbox 1599 1445 1634 1479; x_wconf 92' lang='lat' dir='ltr'>a</span> <span class='ocrx_word' id='word_1_88' title='bbox 1659 1426 1848 1495; x_wconf 88' lang='lat' dir='ltr'>nobis,</span> <span class='ocrx_word' id='word_1_89' title='bbox 1873 1426 2106 1496; x_wconf 84' lang='lat' dir='ltr'>profer:</span> 
     </span>
     <span class='ocr_line' id='line_1_19' title="bbox 395 1505 2036 1579; baseline 0.002 -18"><span class='ocrx_word' id='word_1_90' title='bbox 395 1513 503 1563; x_wconf 86' lang='lat' dir='ltr'>aut</span> <span class='ocrx_word' id='word_1_91' title='bbox 532 1526 603 1562; x_wconf 92' lang='lat' dir='ltr'>ea</span> <span class='ocrx_word' id='word_1_92' title='bbox 631 1505 969 1562; x_wconf 88' lang='lat' dir='ltr'>refellendo</span> <span class='ocrx_word' id='word_1_93' title='bbox 998 1515 1103 1562; x_wconf 88' lang='lat' dir='ltr'>aut</span> <span class='ocrx_word' id='word_1_94' title='bbox 1133 1508 1447 1577; x_wconf 88' lang='lat' dir='ltr'>purgando</span> <span class='ocrx_word' id='word_1_95' title='bbox 1479 1508 1643 1564; x_wconf 91' lang='lat' dir='ltr'>vobis</span> <span class='ocrx_word' id='word_1_96' title='bbox 1674 1513 2036 1579; x_wconf 82' lang='lat' dir='ltr'>corrigemus</span> 
     </span>
     <span class='ocr_line' id='line_1_20' title="bbox 397 1589 2100 1662; baseline 0.003 -18"><span class='ocrx_word' id='word_1_97' title='bbox 397 1597 459 1645; x_wconf 89' lang='lat' dir='ltr'>te</span> <span class='ocrx_word' id='word_1_98' title='bbox 489 1589 688 1645; x_wconf 90' lang='lat' dir='ltr'>iudice</span> <span class='ocrx_word' id='word_1_99' title='bbox 718 1593 862 1659; x_wconf 80' lang='lat' dir='ltr'>ipso,</span> <span class='ocrx_word' id='word_1_100' title='bbox 939 1594 1031 1645; x_wconf 92' lang='lat' dir='ltr'>sin</span> <span class='ocrx_word' id='word_1_101' title='bbox 1068 1598 1198 1646; x_wconf 87' lang='lat' dir='ltr'>east</span> <span class='ocrx_word' id='word_1_102' title='bbox 1231 1591 1538 1647; x_wconf 89' lang='lat' dir='ltr'>retinendi</span> <span class='ocrx_word' id='word_1_103' title='bbox 1575 1611 1749 1647; x_wconf 87' lang='lat' dir='ltr'>causa</span> <span class='ocrx_word' id='word_1_104' title='bbox 1782 1593 1942 1662; x_wconf 91' lang='lat' dir='ltr'>apud</span> <span class='ocrx_word' id='word_1_105' title='bbox 1981 1613 2100 1661; x_wconf 78' lang='lat' dir='ltr'>vo5,</span> 
     </span>
    </p>
   </div>
   <div class='ocr_carea' id='block_1_7' title="bbox 396 1673 2140 1745">
    <p class='ocr_par' dir='ltr' id='par_1_7' title="bbox 396 1673 2140 1745">
     <span class='ocr_line' id='line_1_21' title="bbox 396 1673 2140 1745; baseline 0.003 -18"><span class='ocrx_word' id='word_1_106' title='bbox 396 1676 535 1742; x_wconf 82' lang='lat' dir='ltr'>quia</span> <span class='ocrx_word' id='word_1_107' title='bbox 550 1681 817 1742; x_wconf 88' lang='lat' dir='ltr'>aegrast:</span> <span class='ocrx_word' id='word_1_108' title='bbox 847 1680 910 1728; x_wconf 87' lang='lat' dir='ltr'>te</span> <span class='ocrx_word' id='word_1_109' title='bbox 930 1677 1011 1728; x_wconf 92' lang='lat' dir='ltr'>mi</span> <span class='ocrx_word' id='word_1_110' title='bbox 1030 1677 1307 1728; x_wconf 90' lang='lat' dir='ltr'>iniuriam</span> <span class='ocrx_word' id='word_1_111' title='bbox 1325 1673 1523 1730; x_wconf 87' lang='lat' dir='ltr'>facere</span> <span class='ocrx_word' id='word_1_112' title='bbox 1535 1675 1807 1744; x_wconf 84' lang='lat' dir='ltr'>arbitror,</span> <span class='ocrx_word' id='word_1_113' title='bbox 1826 1675 2078 1745; x_wconf 82' lang='lat' dir='ltr'>Phidipp</span> <span class='ocrx_word' id='word_1_114' title='bbox 2087 1696 2140 1744; x_wconf 89' lang='lat' dir='ltr'>e,</span> 
     </span>
    </p>
   </div>
   <div class='ocr_carea' id='block_1_8' title="bbox 391 1757 2103 2987">
    <p class='ocr_par' dir='ltr' id='par_1_8' title="bbox 396 1757 1999 1826">
     <span class='ocr_line' id='line_1_22' title="bbox 396 1757 1999 1826; baseline 0.002 -15"><span class='ocrx_word' id='word_1_115' title='bbox 396 1761 441 1811; x_wconf 90' lang='lat' dir='ltr'>si</span> <span class='ocrx_word' id='word_1_116' title='bbox 472 1760 692 1811; x_wconf 88' lang='lat' dir='ltr'>metuis</span> <span class='ocrx_word' id='word_1_117' title='bbox 722 1760 862 1811; x_wconf 88' lang='lat' dir='ltr'>satis</span> <span class='ocrx_word' id='word_1_118' title='bbox 894 1764 962 1812; x_wconf 93' lang='lat' dir='ltr'>ut</span> <span class='ocrx_word' id='word_1_119' title='bbox 990 1777 1161 1812; x_wconf 89' lang='lat' dir='ltr'>meae</span> <span class='ocrx_word' id='word_1_120' title='bbox 1193 1757 1354 1812; x_wconf 89' lang='lat' dir='ltr'>domi</span> <span class='ocrx_word' id='word_1_121' title='bbox 1386 1765 1629 1813; x_wconf 90' lang='lat' dir='ltr'>curetur</span> <span class='ocrx_word' id='word_1_122' title='bbox 1658 1758 1999 1826; x_wconf 83' lang='lat' dir='ltr'>diligenter.</span> 
     </span>
    </p>

    <p class='ocr_par' dir='ltr' id='par_1_9' title="bbox 396 1839 2099 1991">
     <span class='ocr_line' id='line_1_23' title="bbox 396 1839 2099 1909; baseline 0.003 -17"><span class='ocrx_word' id='word_1_123' title='bbox 396 1847 458 1893; x_wconf 83' lang='lat' dir='ltr'>at</span> <span class='ocrx_word' id='word_1_124' title='bbox 488 1843 572 1894; x_wconf 82' lang='lat' dir='ltr'>ita</span> <span class='ocrx_word' id='word_1_125' title='bbox 601 1859 698 1895; x_wconf 91' lang='lat' dir='ltr'>me</span> <span class='ocrx_word' id='word_1_126' title='bbox 729 1839 791 1895; x_wconf 89' lang='lat' dir='ltr'>di</span> <span class='ocrx_word' id='word_1_127' title='bbox 820 1847 1047 1908; x_wconf 87' lang='lat' dir='ltr'>ament,</span> <span class='ocrx_word' id='word_1_128' title='bbox 1079 1839 1242 1895; x_wconf 89' lang='lat' dir='ltr'>haud</span> <span class='ocrx_word' id='word_1_129' title='bbox 1272 1841 1384 1896; x_wconf 91' lang='lat' dir='ltr'>tibi</span> <span class='ocrx_word' id='word_1_130' title='bbox 1414 1840 1528 1895; x_wconf 93' lang='lat' dir='ltr'>hoc</span> <span class='ocrx_word' id='word_1_131' title='bbox 1559 1842 1844 1909; x_wconf 81' lang='lat' dir='ltr'>concedO,</span> <span class='ocrx_word' id='word_1_132' title='bbox 1877 1847 1988 1897; x_wconf 92' lang='lat' dir='ltr'>etsi</span> <span class='ocrx_word' id='word_1_133' title='bbox 2013 1842 2099 1897; x_wconf 90' lang='lat' dir='ltr'>illi</span> 
     </span>
     <span class='ocr_line' id='line_1_24' title="bbox 483 1929 766 1991; baseline 0.004 -14"><span class='ocrx_word' id='word_1_134' title='bbox 483 1929 655 1991; x_wconf 90' lang='lat' dir='ltr'>pater</span> <span class='ocrx_word' id='word_1_135' title='bbox 684 1942 766 1991; x_wconf 85' lang='lat' dir='ltr'>eS,</span> 
     </span>
    </p>

    <p class='ocr_par' dir='ltr' id='par_1_10' title="bbox 396 2004 2102 2156">
     <span class='ocr_line' id='line_1_25' title="bbox 396 2004 2102 2076; baseline 0.001 -15"><span class='ocrx_word' id='word_1_136' title='bbox 396 2013 463 2061; x_wconf 88' lang='lat' dir='ltr'>ut</span> <span class='ocrx_word' id='word_1_137' title='bbox 492 2013 559 2060; x_wconf 89' lang='lat' dir='ltr'>tu</span> <span class='ocrx_word' id='word_1_138' title='bbox 589 2004 754 2060; x_wconf 87' lang='lat' dir='ltr'>illam</span> <span class='ocrx_word' id='word_1_139' title='bbox 784 2004 1006 2060; x_wconf 89' lang='lat' dir='ltr'>salvam</span> <span class='ocrx_word' id='word_1_140' title='bbox 1035 2010 1226 2074; x_wconf 89' lang='lat' dir='ltr'>magis</span> <span class='ocrx_word' id='word_1_141' title='bbox 1262 2005 1410 2062; x_wconf 90' lang='lat' dir='ltr'>velis</span> <span class='ocrx_word' id='word_1_142' title='bbox 1448 2026 1627 2075; x_wconf 91' lang='lat' dir='ltr'>quam</span> <span class='ocrx_word' id='word_1_143' title='bbox 1665 2026 1809 2076; x_wconf 90' lang='lat' dir='ltr'>ego:</span> <span class='ocrx_word' id='word_1_144' title='bbox 1853 2006 1914 2062; x_wconf 91' lang='lat' dir='ltr'>id</span> <span class='ocrx_word' id='word_1_145' title='bbox 1951 2007 2102 2063; x_wconf 88' lang='lat' dir='ltr'>adeo</span> 
     </span>
     <span class='ocr_line' id='line_1_26' title="bbox 477 2092 870 2156; baseline 0.005 -14"><span class='ocrx_word' id='word_1_146' title='bbox 477 2092 647 2156; x_wconf 86' lang='lat' dir='ltr'>gnati</span> <span class='ocrx_word' id='word_1_147' title='bbox 677 2107 870 2156; x_wconf 88' lang='lat' dir='ltr'>causa,</span> 
     </span>
    </p>

    <p class='ocr_par' dir='ltr' id='par_1_11' title="bbox 399 2170 2102 2323">
     <span class='ocr_line' id='line_1_27' title="bbox 399 2170 2102 2243; baseline 0.002 -18"><span class='ocrx_word' id='word_1_148' title='bbox 399 2192 579 2240; x_wconf 87' lang='lat' dir='ltr'>quem</span> <span class='ocrx_word' id='word_1_149' title='bbox 599 2191 712 2240; x_wconf 92' lang='lat' dir='ltr'>ego</span> <span class='ocrx_word' id='word_1_150' title='bbox 731 2170 1006 2227; x_wconf 85' lang='lat' dir='ltr'>intellexi</span> <span class='ocrx_word' id='word_1_151' title='bbox 1025 2170 1190 2227; x_wconf 89' lang='lat' dir='ltr'>illam</span> <span class='ocrx_word' id='word_1_152' title='bbox 1213 2170 1376 2228; x_wconf 90' lang='lat' dir='ltr'>haud</span> <span class='ocrx_word' id='word_1_153' title='bbox 1398 2175 1597 2228; x_wconf 89' lang='lat' dir='ltr'>minus</span> <span class='ocrx_word' id='word_1_154' title='bbox 1621 2192 1799 2242; x_wconf 88' lang='lat' dir='ltr'>quam</span> <span class='ocrx_word' id='word_1_155' title='bbox 1823 2192 1886 2229; x_wconf 90' lang='lat' dir='ltr'>se</span> <span class='ocrx_word' id='word_1_156' title='bbox 1910 2177 2102 2243; x_wconf 91' lang='lat' dir='ltr'>ipsum</span> 
     </span>
     <span class='ocr_line' id='line_1_28' title="bbox 478 2254 925 2323; baseline 0.002 -14"><span class='ocrx_word' id='word_1_157' title='bbox 478 2258 681 2323; x_wconf 89' lang='lat' dir='ltr'>magni</span> <span class='ocrx_word' id='word_1_158' title='bbox 711 2254 925 2310; x_wconf 89' lang='lat' dir='ltr'>facere.</span> 
     </span>
    </p>

    <p class='ocr_par' dir='ltr' id='par_1_12' title="bbox 396 2334 2103 2489">
     <span class='ocr_line' id='line_1_29' title="bbox 396 2334 2103 2407; baseline 0.001 -16"><span class='ocrx_word' id='word_1_159' title='bbox 396 2357 592 2406; x_wconf 87' lang='lat' dir='ltr'>neque</span> <span class='ocrx_word' id='word_1_160' title='bbox 631 2337 784 2393; x_wconf 89' lang='lat' dir='ltr'>adeo</span> <span class='ocrx_word' id='word_1_161' title='bbox 820 2337 972 2392; x_wconf 90' lang='lat' dir='ltr'>clam</span> <span class='ocrx_word' id='word_1_162' title='bbox 1012 2334 1110 2393; x_wconf 83' lang='lat' dir='ltr'>me</span> <span class='ocrx_word' id='word_1_163' title='bbox 1153 2344 1247 2394; x_wconf 90' lang='lat' dir='ltr'>est</span> <span class='ocrx_word' id='word_1_164' title='bbox 1282 2357 1462 2407; x_wconf 89' lang='lat' dir='ltr'>quam</span> <span class='ocrx_word' id='word_1_165' title='bbox 1499 2357 1629 2394; x_wconf 89' lang='lat' dir='ltr'>esse</span> <span class='ocrx_word' id='word_1_166' title='bbox 1667 2357 1804 2394; x_wconf 91' lang='lat' dir='ltr'>eum</span> <span class='ocrx_word' id='word_1_167' title='bbox 1839 2342 2103 2406; x_wconf 89' lang='lat' dir='ltr'>graviter</span> 
     </span>
     <span class='ocr_line' id='line_1_30' title="bbox 475 2420 1027 2489; baseline 0.002 -15"><span class='ocrx_word' id='word_1_168' title='bbox 475 2420 735 2476; x_wconf 89' lang='lat' dir='ltr'>laturum</span> <span class='ocrx_word' id='word_1_169' title='bbox 767 2421 1027 2489; x_wconf 82' lang='lat' dir='ltr'>credam,</span> 
     </span>
    </p>

    <p class='ocr_par' dir='ltr' id='par_1_13' title="bbox 395 2503 2100 2642">
     <span class='ocr_line' id='line_1_31' title="bbox 395 2503 2100 2573; baseline 0.001 -15"><span class='ocrx_word' id='word_1_170' title='bbox 395 2503 506 2558; x_wconf 89' lang='lat' dir='ltr'>hoc</span> <span class='ocrx_word' id='word_1_171' title='bbox 537 2508 585 2559; x_wconf 88' lang='lat' dir='ltr'>si</span> <span class='ocrx_word' id='word_1_172' title='bbox 614 2507 914 2559; x_wconf 87' lang='lat' dir='ltr'>rescierit:</span> <span class='ocrx_word' id='word_1_173' title='bbox 959 2523 1031 2559; x_wconf 90' lang='lat' dir='ltr'>eo</span> <span class='ocrx_word' id='word_1_174' title='bbox 1055 2503 1301 2559; x_wconf 90' lang='lat' dir='ltr'>domum</span> <span class='ocrx_word' id='word_1_175' title='bbox 1324 2503 1541 2560; x_wconf 90' lang='lat' dir='ltr'>studeo</span> <span class='ocrx_word' id='word_1_176' title='bbox 1565 2503 1713 2559; x_wconf 88' lang='lat' dir='ltr'>haec</span> <span class='ocrx_word' id='word_1_177' title='bbox 1737 2507 1899 2573; x_wconf 90' lang='lat' dir='ltr'>prius</span> <span class='ocrx_word' id='word_1_178' title='bbox 1923 2524 2100 2573; x_wconf 89' lang='lat' dir='ltr'>quam</span> 
     </span>
     <span class='ocr_line' id='line_1_32' title="bbox 478 2587 936 2642; baseline 0.002 -2"><span class='ocrx_word' id='word_1_179' title='bbox 478 2587 579 2642; x_wconf 88' lang='lat' dir='ltr'>ille</span> <span class='ocrx_word' id='word_1_180' title='bbox 610 2594 680 2642; x_wconf 92' lang='lat' dir='ltr'>ut</span> <span class='ocrx_word' id='word_1_181' title='bbox 709 2587 936 2642; x_wconf 88' lang='lat' dir='ltr'>redeat.</span> 
     </span>
    </p>

    <p class='ocr_par' dir='ltr' id='par_1_14' title="bbox 399 2669 2013 2739">
     <span class='ocr_line' id='line_1_33' title="bbox 399 2669 2013 2739; baseline 0.001 -16"><span class='ocrx_word' id='word_1_182' title='bbox 399 2669 647 2739; x_wconf 85' lang='lat' dir='ltr'>Laches,</span> <span class='ocrx_word' id='word_1_183' title='bbox 679 2677 744 2725; x_wconf 90' lang='lat' dir='ltr'>et</span> <span class='ocrx_word' id='word_1_184' title='bbox 773 2669 1154 2738; x_wconf 87' lang='lat' dir='ltr'>diligentiam</span> <span class='ocrx_word' id='word_1_185' title='bbox 1183 2676 1444 2725; x_wconf 88' lang='lat' dir='ltr'>vostram</span> <span class='ocrx_word' id='word_1_186' title='bbox 1476 2676 1540 2724; x_wconf 87' lang='lat' dir='ltr'>et</span> <span class='ocrx_word' id='word_1_187' title='bbox 1569 2669 2013 2738; x_wconf 88' lang='lat' dir='ltr'>benignitatem</span> 
     </span>
    </p>

    <p class='ocr_par' dir='ltr' id='par_1_15' title="bbox 391 2751 2101 2904">
     <span class='ocr_line' id='line_1_34' title="bbox 391 2751 2101 2822; baseline 0 -14"><span class='ocrx_word' id='word_1_188' title='bbox 391 2757 529 2808; x_wconf 91' lang='lat' dir='ltr'>novi</span> <span class='ocrx_word' id='word_1_189' title='bbox 560 2760 624 2809; x_wconf 94' lang='lat' dir='ltr'>et</span> <span class='ocrx_word' id='word_1_190' title='bbox 652 2772 805 2822; x_wconf 88' lang='lat' dir='ltr'>quae</span> <span class='ocrx_word' id='word_1_191' title='bbox 836 2752 984 2808; x_wconf 91' lang='lat' dir='ltr'>dicis</span> <span class='ocrx_word' id='word_1_192' title='bbox 1024 2755 1224 2807; x_wconf 91' lang='lat' dir='ltr'>omnia</span> <span class='ocrx_word' id='word_1_193' title='bbox 1263 2771 1392 2808; x_wconf 88' lang='lat' dir='ltr'>esse</span> <span class='ocrx_word' id='word_1_194' title='bbox 1432 2759 1502 2807; x_wconf 94' lang='lat' dir='ltr'>ut</span> <span class='ocrx_word' id='word_1_195' title='bbox 1531 2751 1678 2807; x_wconf 90' lang='lat' dir='ltr'>dicis</span> <span class='ocrx_word' id='word_1_196' title='bbox 1707 2756 1973 2807; x_wconf 90' lang='lat' dir='ltr'>animum</span> <span class='ocrx_word' id='word_1_197' title='bbox 2011 2757 2101 2808; x_wconf 89' lang='lat' dir='ltr'>in-</span> 
     </span>
     <span class='ocr_line' id='line_1_35' title="bbox 474 2835 648 2904; baseline -0.011 -12"><span class='ocrx_word' id='word_1_198' title='bbox 474 2835 648 2904; x_wconf 90' lang='lat' dir='ltr'>duc0,</span> 
     </span>
    </p>

    <p class='ocr_par' dir='ltr' id='par_1_16' title="bbox 392 2916 2098 2987">
     <span class='ocr_line' id='line_1_36' title="bbox 392 2916 2098 2987; baseline -0.001 -12"><span class='ocrx_word' id='word_1_199' title='bbox 392 2925 457 2975; x_wconf 90' lang='lat' dir='ltr'>et</span> <span class='ocrx_word' id='word_1_200' title='bbox 485 2926 549 2975; x_wconf 90' lang='lat' dir='ltr'>te</span> <span class='ocrx_word' id='word_1_201' title='bbox 580 2918 694 2974; x_wconf 94' lang='lat' dir='ltr'>hoc</span> <span class='ocrx_word' id='word_1_202' title='bbox 729 2916 878 2972; x_wconf 90' lang='lat' dir='ltr'>mihi</span> <span class='ocrx_word' id='word_1_203' title='bbox 915 2921 1090 2987; x_wconf 90' lang='lat' dir='ltr'>cupio</span> <span class='ocrx_word' id='word_1_204' title='bbox 1127 2916 1405 2973; x_wconf 88' lang='lat' dir='ltr'>credere:</span> <span class='ocrx_word' id='word_1_205' title='bbox 1449 2916 1613 2972; x_wconf 91' lang='lat' dir='ltr'>illam</span> <span class='ocrx_word' id='word_1_206' title='bbox 1651 2916 1726 2972; x_wconf 90' lang='lat' dir='ltr'>ad</span> <span class='ocrx_word' id='word_1_207' title='bbox 1764 2936 1864 2972; x_wconf 88' lang='lat' dir='ltr'>vos</span> <span class='ocrx_word' id='word_1_208' title='bbox 1903 2917 2098 2974; x_wconf 88' lang='lat' dir='ltr'>redire</span> 
     </span>
    </p>
   </div>
   <div class='ocr_carea' id='block_1_9' title="bbox 474 3001 708 3068">
    <p class='ocr_par' dir='ltr' id='par_1_17' title="bbox 474 3001 708 3068">
     <span class='ocr_line' id='line_1_37' title="bbox 474 3001 708 3068; baseline -0.009 -10"><span class='ocrx_word' id='word_1_209' title='bbox 474 3001 708 3068; x_wconf 89' lang='lat' dir='ltr'>stude0,</span> 
     </span>
    </p>
   </div>
   <div class='ocr_carea' id='block_1_10' title="bbox 391 3173 504 3224">
    <p class='ocr_par' dir='ltr' id='par_1_18' title="bbox 391 3173 504 3224">
     <span class='ocr_line' id='line_1_38' title="bbox 391 3173 504 3224; baseline 0 0"><span class='ocrx_word' id='word_1_210' title='bbox 391 3173 504 3224; x_wconf 80' lang='lat'>148</span> 
     </span>
    </p>
   </div>
   <div class='ocr_carea' id='block_1_11' title="bbox 2196 1019 2314 1068">
    <p class='ocr_par' dir='ltr' id='par_1_19' title="bbox 2196 1019 2314 1068">
     <span class='ocr_line' id='line_1_39' title="bbox 2196 1019 2314 1068; baseline 0.008 -1"><span class='ocrx_word' id='word_1_211' title='bbox 2196 1019 2314 1068; x_wconf 77' lang='lat'>250</span> 
     </span>
    </p>
   </div>
   <div class='ocr_carea' id='block_1_12' title="bbox 2193 2171 2311 2230">
    <p class='ocr_par' dir='ltr' id='par_1_20' title="bbox 2193 2171 2311 2230">
     <span class='ocr_line' id='line_1_40' title="bbox 2193 2171 2311 2230; baseline 0.034 -3"><span class='ocrx_word' id='word_1_212' title='bbox 2193 2171 2311 2230; x_wconf 68' lang='lat'>260</span> 
     </span>
    </p>
   </div>
  </div>
 </body>
</html>
