2352 3724
622 245 864 303 PUBLI
878 245 975 302 US
1021 245 1492 302 TERENTIUS
1538 244 1753 300 AFER

322 388 441 436 quo
459 371 650 436 magis
670 370 862 422 omnis
882 386 976 422 res
997 370 1227 422 cautius
1246 385 1324 421 ne
1343 373 1576 421 temere
1597 365 1811 419 faciam
1830 364 2065 419 adeum.

323 471 461 506 narn
483 455 528 506 si
549 450 612 506 id
631 450 775 504 facis
795 449 1100 504 facturave
1122 469 1204 516 es,
1226 450 1409 503 bonas
1429 447 1589 516 quod
1610 467 1715 516 par
1735 455 1827 502 est
1847 446 2044 502 facere
2070 466 2081 501 z

324 539 607 589 inscitum
627 533 838 588 offerre
859 537 1134 587 iniuriam
1155 533 1267 587 tibi
1289 535 1613 586 inmerenti
1640 535 1907 598 iniquom
1928 537 2036 585 est.

70 616 298 673 Bacchis
321 625 415 673 est
445 636 725 685 magnam
757 623 988 671 ecastor
1017 620 1272 684 gratiam
1317 614 1394 670 de
1435 618 1583 670 istac
1625 633 1688 669 re
1730 612 1891 682 quod
1930 613 2041 668 tibi

411 700 702 765 habeam3

326 803 466 838 nani
496 787 597 852 qui
627 789 764 852 post
804 781 1025 837 factam
1067 784 1342 836 iniuriam
1381 799 1445 836 se
1487 787 1804 848 expurget,
1836 799 2042 848 parum

408 871 490 922 mi
521 870 721 935 prosit.

326 949 431 1007 sed
463 949 607 1019 quid
637 953 792 1005 istuc
823 949 959 1004 est?

70 1033 277 1090 Laches
616 1052 819 1088 meum
848 1039 1122 1100 receptas
1155 1030 1343 1085 filium
1365 1029 1442 1086 ad
1465 1036 1528 1086 te
1564 1028 1956 1098 Pamphilum.

70 1115 302 1173 Bacchis
1947 1111 2039 1165 ah.

70 1199 277 1255 Laches
327 1203 455 1256 sine
503 1199 737 1256 dicam:
783 1197 878 1252 hic
928 1197 1082 1252 hanc
1124 1201 1285 1266 prius
1327 1217 1505 1265 quam
1545 1195 1739 1263 duxit,
1782 1202 2043 1250 vostrum

410 1302 676 1338 amorem
707 1281 944 1351 pertuli.

331 1386 542 1422 mane:
587 1366 854 1420 nondum
889 1368 1069 1419 etiam
1113 1363 1232 1417 dixi
1279 1362 1338 1417 id
1380 1362 1538 1431 quod
1582 1369 1643 1417 te
1683 1361 1854 1415 volui.
1948 1359 2044 1415 hic

413 1470 573 1505 nunc
605 1469 849 1504 uxorem
884 1447 1103 1502 habet:

330 1553 551 1601 quaere
580 1532 763 1588 alium
787 1532 898 1586 tibi
931 1531 1250 1586 firmiorem
1282 1533 1559 1596 amicum,
1580 1528 1723 1583 dum
1748 1528 1858 1583 tibi
1890 1534 2044 1583 tem-

415 1637 523 1686 pus
554 1623 683 1682 est3

332 1721 468 1755 nam
500 1718 698 1769 neque
738 1698 840 1753 ille
883 1697 995 1752 hoc
1035 1699 1235 1751 animo
1277 1699 1392 1751 erit
1421 1702 1686 1751 aetatem
1717 1713 1915 1762 neque
1947 1691 2042 1762 pol

413 1787 527 1839 ista
547 1790 714 1838 aetas
742 1782 869 1837 tibi.

71 1867 303 1922 Bacchis
334 1871 464 1935 quis
494 1866 557 1922 id
586 1866 715 1921 ait?

69 1950 279 2005 Laches
641 1967 855 2004 socrus.

69 2033 303 2089 Bacchis
827 2049 1006 2086 mene
1029 2031 1051 2084 ?

68 2116 280 2172 Laches
942 2121 1006 2169 te
1030 2117 1219 2182 ipsam
1243 2131 1255 2167 :
1287 2119 1350 2167 et
1374 2111 1554 2165 filiam
1577 2109 1828 2165 abduxit
1857 2128 2043 2177 suam,

330 2218 702 2269 puerumque
743 2198 821 2253 ob
851 2216 983 2253 eam
1014 2216 1142 2251 rem
1172 2195 1325 2250 clam
1356 2194 1564 2262 voluit,
1587 2201 1762 2248 natus
1799 2195 1902 2261 qui
1931 2199 2043 2260 est,

412 2286 785 2350 extinguere.

76 2365 304 2422 Bacchis
331 2365 452 2421 alid
483 2370 529 2420 si
562 2370 775 2420 scirem
815 2367 916 2432 qui
959 2363 1190 2417 firmare
1228 2381 1423 2416 meam
1464 2359 1624 2429 apud
1667 2378 1766 2414 vos
1806 2378 2040 2428 possem

410 2449 612 2517 fidem,

328 2536 590 2588 sanctius
610 2551 788 2600 quam
806 2533 897 2585 ius
915 2528 1254 2596 iurandum,
1273 2527 1335 2583 id
1354 2526 1669 2596 pollicerer
1686 2525 1818 2592 tibi,
1839 2523 2089 2592 Laches,

327 2623 712 2684 segregatum
743 2613 1020 2668 habuisse
1051 2631 1297 2667 uxorem
1338 2617 1406 2665 ut
1446 2609 1619 2664 duxit
1658 2629 1691 2662 a
1731 2627 1827 2662 me
1872 2607 2040 2661 Pam-

409 2698 658 2768 philum.

65 2781 276 2839 Laches
323 2782 525 2851 lepida
545 2801 621 2837 es.
700 2779 806 2835 sed
827 2782 973 2846 scin,
994 2777 1138 2846 quid
1158 2775 1291 2832 volo
1311 2779 1508 2845 potius
1528 2773 1700 2830 sodes
1720 2773 1899 2828 facias
1921 2772 1943 2826 ?

68 2865 298 2922 Bacchis
1636 2856 1824 2925 quid?
1869 2855 2031 2910 cedo,

68 2947 274 3004 Laches
322 2968 421 3004 eas
449 2948 525 3003 ad
557 2946 837 3001 mulieres
868 2944 985 2999 huc
1015 2947 1175 2999 intro
1203 2949 1387 3011 atque
1417 2944 1571 2997 istuc
1600 2943 1692 2995 ius
1721 2938 2036 2993 iurandum

323 3035 470 3087 item
502 3030 820 3099 polliceare
852 3027 982 3082 illis.
1074 3025 1249 3094 exple
1280 3028 1545 3078 animum
1577 3026 1661 3077 eis
1693 3029 1877 3090 teque
1924 3020 2034 3074 hoc

403 3117 652 3169 crimine
683 3110 916 3180 expedi.

326 3195 439 3257 196

2130 534 2246 589 740

2130 2361 2246 2417 750
