<?xml version="1.0" encoding="UTF-8"?>
<!DOCTYPE html PUBLIC "-//W3C//DTD XHTML 1.0 Transitional//EN"
    "http://www.w3.org/TR/xhtml1/DTD/xhtml1-transitional.dtd">
<html xmlns="http://www.w3.org/1999/xhtml" xml:lang="en" lang="en">
 <head>
  <title>
</title>
<meta http-equiv="Content-Type" content="text/html;charset=utf-8" />
  <meta name='ocr-system' content='tesseract 3.04.00' />
  <meta name='ocr-capabilities' content='ocr_page ocr_carea ocr_par ocr_line ocrx_word'/>
</head>
<body>
  <div class='ocr_page' id='page_1' title='image "./terence00tereuoft_0268.png"; bbox 0 0 2430 3710; ppageno 0'>
   <div class='ocr_carea' id='block_1_1' title="bbox 720 234 1848 295">
    <p class='ocr_par' dir='ltr' id='par_1_1' title="bbox 720 234 1848 295">
     <span class='ocr_line' id='line_1_1' title="bbox 720 234 1848 295; baseline 0.005 -8"><span class='ocrx_word' id='word_1_1' title='bbox 720 234 1073 292; x_wconf 90' lang='lat' dir='ltr'>PUBLIUS</span> <span class='ocrx_word' id='word_1_2' title='bbox 1117 235 1477 291; x_wconf 87' lang='lat' dir='ltr'><strong>TERENTI</strong></span> <span class='ocrx_word' id='word_1_3' title='bbox 1488 236 1587 295; x_wconf 93' lang='lat' dir='ltr'><strong>US</strong></span> <span class='ocrx_word' id='word_1_4' title='bbox 1631 238 1848 293; x_wconf 88' lang='lat' dir='ltr'><strong>AFER</strong></span> 
     </span>
    </p>
   </div>
   <div class='ocr_carea' id='block_1_2' title="bbox 164 354 2350 3238">
    <p class='ocr_par' dir='ltr' id='par_1_2' title="bbox 164 354 2350 3238">
     <span class='ocr_line' id='line_1_2' title="bbox 422 354 1226 425; baseline 0.006 -17"><span class='ocrx_word' id='word_1_5' title='bbox 422 354 516 409; x_wconf 89' lang='lat' dir='ltr'><strong>fac</strong></span> <span class='ocrx_word' id='word_1_6' title='bbox 546 363 928 410; x_wconf 75' lang='lat' dir='ltr'><strong>macerentur</strong></span> <span class='ocrx_word' id='word_1_7' title='bbox 958 355 1226 425; x_wconf 85' lang='lat' dir='ltr'><strong>pulchre.</strong></span> 
     </span>
     <span class='ocr_line' id='line_1_3' title="bbox 170 437 1801 511; baseline 0.002 -18"><span class='ocrx_word' id='word_1_8' title='bbox 170 437 374 493; x_wconf 82' lang='lat' dir='ltr'><em>Demea</em></span> <span class='ocrx_word' id='word_1_9' title='bbox 1219 439 1282 496; x_wconf 93' lang='lat' dir='ltr'><strong>di</strong></span> <span class='ocrx_word' id='word_1_10' title='bbox 1311 448 1570 495; x_wconf 76' lang='lat' dir='ltr'>vostram</span> <span class='ocrx_word' id='word_1_11' title='bbox 1601 440 1801 511; x_wconf 85' lang='lat' dir='ltr'><strong>fidem,</strong></span> 
     </span>
     <span class='ocr_line' id='line_1_4' title="bbox 427 520 1897 593; baseline 0.003 -17"><span class='ocrx_word' id='word_1_12' title='bbox 427 527 629 577; x_wconf 89' lang='lat' dir='ltr'><strong>utrum</strong></span> <span class='ocrx_word' id='word_1_13' title='bbox 658 520 940 578; x_wconf 79' lang='lat' dir='ltr'>studione</span> <span class='ocrx_word' id='word_1_14' title='bbox 970 521 1032 578; x_wconf 89' lang='lat' dir='ltr'><strong>id</strong></span> <span class='ocrx_word' id='word_1_15' title='bbox 1063 523 1174 578; x_wconf 90' lang='lat' dir='ltr'><strong>sibi</strong></span> <span class='ocrx_word' id='word_1_16' title='bbox 1206 522 1392 579; x_wconf 89' lang='lat' dir='ltr'><strong>habet</strong></span> <span class='ocrx_word' id='word_1_17' title='bbox 1421 544 1498 578; x_wconf 89' lang='lat' dir='ltr'><strong>an</strong></span> <span class='ocrx_word' id='word_1_18' title='bbox 1531 524 1690 579; x_wconf 89' lang='lat' dir='ltr'><strong>laudi</strong></span> <span class='ocrx_word' id='word_1_19' title='bbox 1721 532 1897 593; x_wconf 88' lang='lat' dir='ltr'><strong>putat</strong></span> 
     </span>
     <span class='ocr_line' id='line_1_5' title="bbox 427 603 1942 674; baseline 0.003 -16"><span class='ocrx_word' id='word_1_20' title='bbox 427 603 575 673; x_wconf 83' lang='lat' dir='ltr'><strong>fore,</strong></span> <span class='ocrx_word' id='word_1_21' title='bbox 606 608 654 660; x_wconf 90' lang='lat' dir='ltr'><strong>si</strong></span> <span class='ocrx_word' id='word_1_22' title='bbox 683 604 1018 674; x_wconf 80' lang='lat' dir='ltr'><strong>perdiderit</strong></span> <span class='ocrx_word' id='word_1_23' title='bbox 1045 608 1336 674; x_wconf 86' lang='lat' dir='ltr'><strong>gnatum?</strong></span> <span class='ocrx_word' id='word_1_24' title='bbox 1381 627 1488 662; x_wconf 87' lang='lat' dir='ltr'><strong>vae</strong></span> <span class='ocrx_word' id='word_1_25' title='bbox 1520 611 1737 663; x_wconf 87' lang='lat' dir='ltr'><strong>misero</strong></span> <span class='ocrx_word' id='word_1_26' title='bbox 1767 607 1942 662; x_wconf 77' lang='lat' dir='ltr'><strong>mihi·</strong></span> 
     </span>
     <span class='ocr_line' id='line_1_6' title="bbox 429 687 2034 759; baseline 0.002 -17"><span class='ocrx_word' id='word_1_27' title='bbox 429 687 632 743; x_wconf 88' lang='lat' dir='ltr'><strong>videre</strong></span> <span class='ocrx_word' id='word_1_28' title='bbox 663 687 870 743; x_wconf 85' lang='lat' dir='ltr'><strong>videor</strong></span> <span class='ocrx_word' id='word_1_29' title='bbox 898 692 1017 743; x_wconf 89' lang='lat' dir='ltr'><strong>iam</strong></span> <span class='ocrx_word' id='word_1_30' title='bbox 1047 688 1210 743; x_wconf 83' lang='lat' dir='ltr'><strong>diem</strong></span> <span class='ocrx_word' id='word_1_31' title='bbox 1239 689 1431 759; x_wconf 85' lang='lat' dir='ltr'><strong>illum,</strong></span> <span class='ocrx_word' id='word_1_32' title='bbox 1462 710 1643 758; x_wconf 87' lang='lat' dir='ltr'><strong>quom</strong></span> <span class='ocrx_word' id='word_1_33' title='bbox 1676 690 1814 745; x_wconf 88' lang='lat' dir='ltr'><strong>hinc</strong></span> <span class='ocrx_word' id='word_1_34' title='bbox 1847 709 2034 759; x_wconf 80' lang='lat' dir='ltr'><strong>egens</strong></span> 
     </span>
     <span class='ocr_line' id='line_1_7' title="bbox 428 770 1333 840; baseline 0.002 -15"><span class='ocrx_word' id='word_1_35' title='bbox 428 770 734 840; x_wconf 85' lang='lat' dir='ltr'><strong>profugiet</strong></span> <span class='ocrx_word' id='word_1_36' title='bbox 763 771 963 840; x_wconf 82' lang='lat' dir='ltr'><strong>aliquo</strong></span> <span class='ocrx_word' id='word_1_37' title='bbox 993 772 1333 827; x_wconf 89' lang='lat' dir='ltr'><strong>militatum.</strong></span> 
     </span>
     <span class='ocr_line' id='line_1_8' title="bbox 164 852 1664 923; baseline 0.001 -16"><span class='ocrx_word' id='word_1_38' title='bbox 164 852 333 922; x_wconf 77' lang='lat' dir='ltr'><strong>Syrus</strong></span> <span class='ocrx_word' id='word_1_39' title='bbox 618 908 622 911; x_wconf 69' lang='grc'><strong>,</strong></span> <span class='ocrx_word' id='word_1_40' title='bbox 1346 875 1380 910; x_wconf 96' lang='grc'>0</span> <span class='ocrx_word' id='word_1_41' title='bbox 1413 854 1664 923; x_wconf 80' lang='lat' dir='ltr'><strong>Demea,</strong></span> 
     </span>
     <span class='ocr_line' id='line_1_9' title="bbox 430 937 1973 1007; baseline 0.002 -16"><span class='ocrx_word' id='word_1_42' title='bbox 430 940 584 992; x_wconf 88' lang='lat' dir='ltr'><strong>istuc</strong></span> <span class='ocrx_word' id='word_1_43' title='bbox 616 944 709 993; x_wconf 89' lang='lat' dir='ltr'><strong>est</strong></span> <span class='ocrx_word' id='word_1_44' title='bbox 740 957 969 1007; x_wconf 87' lang='lat' dir='ltr'><strong>sapere,</strong></span> <span class='ocrx_word' id='word_1_45' title='bbox 1002 957 1124 992; x_wconf 89' lang='lat' dir='ltr'><strong>non</strong></span> <span class='ocrx_word' id='word_1_46' title='bbox 1154 937 1315 1007; x_wconf 88' lang='lat' dir='ltr'><strong>quod</strong></span> <span class='ocrx_word' id='word_1_47' title='bbox 1345 946 1486 994; x_wconf 87' lang='lat' dir='ltr'><strong>ante</strong></span> <span class='ocrx_word' id='word_1_48' title='bbox 1519 939 1705 1007; x_wconf 88' lang='lat' dir='ltr'><strong>pedes</strong></span> <span class='ocrx_word' id='word_1_49' title='bbox 1737 938 1973 995; x_wconf 77' lang='lat' dir='ltr'><strong>modost</strong></span> 
     </span>
     <span class='ocr_line' id='line_1_10' title="bbox 431 1020 1707 1089; baseline 0.002 -15"><span class='ocrx_word' id='word_1_50' title='bbox 431 1020 634 1075; x_wconf 86' lang='lat' dir='ltr'><strong>videre</strong></span> <span class='ocrx_word' id='word_1_51' title='bbox 666 1020 774 1076; x_wconf 92' lang='lat' dir='ltr'><strong>sed</strong></span> <span class='ocrx_word' id='word_1_52' title='bbox 804 1024 987 1076; x_wconf 89' lang='lat' dir='ltr'><strong>etiam</strong></span> <span class='ocrx_word' id='word_1_53' title='bbox 1019 1020 1120 1075; x_wconf 90' lang='lat' dir='ltr'><strong>illa</strong></span> <span class='ocrx_word' id='word_1_54' title='bbox 1150 1041 1302 1089; x_wconf 87' lang='lat' dir='ltr'><strong>quae</strong></span> <span class='ocrx_word' id='word_1_55' title='bbox 1334 1020 1535 1076; x_wconf 85' lang='lat' dir='ltr'><strong>futura</strong></span> <span class='ocrx_word' id='word_1_56' title='bbox 1566 1030 1707 1077; x_wconf 89' lang='lat' dir='ltr'><strong>sunt</strong></span> 
     </span>
     <span class='ocr_line' id='line_1_11' title="bbox 431 1107 786 1173; baseline 0.003 -15"><span class='ocrx_word' id='word_1_57' title='bbox 431 1107 786 1173; x_wconf 83' lang='lat' dir='ltr'><strong>prospicere.</strong></span> 
     </span>
     <span class='ocr_line' id='line_1_12' title="bbox 168 1186 2084 1256; baseline 0 -14"><span class='ocrx_word' id='word_1_58' title='bbox 168 1187 379 1242; x_wconf 82' lang='lat' dir='ltr'><strong>Demea</strong></span> <span class='ocrx_word' id='word_1_59' title='bbox 523 1233 527 1236; x_wconf 95' lang='lat'>.</span> <span class='ocrx_word' id='word_1_60' title='bbox 796 1186 985 1256; x_wconf 86' lang='lat' dir='ltr'><strong>quid?</strong></span> <span class='ocrx_word' id='word_1_61' title='bbox 1030 1190 1214 1243; x_wconf 80' lang='lat' dir='ltr'><strong>istaec</strong></span> <span class='ocrx_word' id='word_1_62' title='bbox 1244 1191 1360 1241; x_wconf 87' lang='lat' dir='ltr'><strong>iam</strong></span> <span class='ocrx_word' id='word_1_63' title='bbox 1394 1207 1579 1256; x_wconf 87' lang='lat' dir='ltr'><strong>penes</strong></span> <span class='ocrx_word' id='word_1_64' title='bbox 1611 1207 1710 1243; x_wconf 86' lang='lat' dir='ltr'><strong>vos</strong></span> <span class='ocrx_word' id='word_1_65' title='bbox 1740 1187 2084 1256; x_wconf 83' lang='lat' dir='ltr'><strong>psaltriast?</strong></span> 
     </span>
     <span class='ocr_line' id='line_1_13' title="bbox 167 1270 817 1340; baseline 0 -16"><span class='ocrx_word' id='word_1_66' title='bbox 167 1270 338 1340; x_wconf 76' lang='lat' dir='ltr'><strong><em>Syrus</em></strong></span> <span class='ocrx_word' id='word_1_67' title='bbox 431 1270 609 1325; x_wconf 82' lang='lat' dir='ltr'><strong>ellam</strong></span> <span class='ocrx_word' id='word_1_68' title='bbox 639 1273 817 1327; x_wconf 88' lang='lat' dir='ltr'><strong>intus.</strong></span> 
     </span>
     <span class='ocr_line' id='line_1_14' title="bbox 174 1352 1715 1423; baseline 0.001 -15"><span class='ocrx_word' id='word_1_69' title='bbox 174 1353 381 1409; x_wconf 83' lang='lat' dir='ltr'><strong>Demea</strong></span> <span class='ocrx_word' id='word_1_70' title='bbox 839 1352 975 1423; x_wconf 85' lang='lat' dir='ltr'><strong>ehO,</strong></span> <span class='ocrx_word' id='word_1_71' title='bbox 1004 1372 1080 1408; x_wconf 86' lang='lat' dir='ltr'><strong>an</strong></span> <span class='ocrx_word' id='word_1_72' title='bbox 1111 1352 1332 1409; x_wconf 77' lang='lat' dir='ltr'><strong>domist</strong></span> <span class='ocrx_word' id='word_1_73' title='bbox 1363 1352 1715 1409; x_wconf 86' lang='lat' dir='ltr'><strong>habiturus?</strong></span> 
     </span>
     <span class='ocr_line' id='line_1_15' title="bbox 167 1435 2145 1507; baseline 0 -16"><span class='ocrx_word' id='word_1_74' title='bbox 167 1437 338 1507; x_wconf 74' lang='lat' dir='ltr'><strong>Syrus</strong></span> <span class='ocrx_word' id='word_1_75' title='bbox 1723 1435 1923 1506; x_wconf 89' lang='lat' dir='ltr'><strong>cred0,</strong></span> <span class='ocrx_word' id='word_1_76' title='bbox 1952 1443 2022 1493; x_wconf 91' lang='lat' dir='ltr'><strong>ut</strong></span> <span class='ocrx_word' id='word_1_77' title='bbox 2051 1443 2145 1492; x_wconf 85' lang='lat' dir='ltr'><strong>est</strong></span> 
     </span>
     <span class='ocr_line' id='line_1_16' title="bbox 431 1519 2348 1581; baseline -0.002 -5"><span class='ocrx_word' id='word_1_78' title='bbox 431 1519 754 1576; x_wconf 87' lang='lat' dir='ltr'><strong>dementia.</strong></span> <span class='ocrx_word' id='word_1_79' title='bbox 2234 1523 2348 1581; x_wconf 80' lang='lat'><strong>390</strong></span> 
     </span>
     <span class='ocr_line' id='line_1_17' title="bbox 171 1601 1175 1659; baseline 0.001 -1"><span class='ocrx_word' id='word_1_80' title='bbox 171 1604 382 1659; x_wconf 80' lang='lat' dir='ltr'><strong>Demea</strong></span> <span class='ocrx_word' id='word_1_81' title='bbox 770 1601 984 1659; x_wconf 89' lang='lat' dir='ltr'><strong>haecin</strong></span> <span class='ocrx_word' id='word_1_82' title='bbox 1015 1602 1175 1659; x_wconf 72' lang='lat' dir='ltr'><strong>fieri!</strong></span> 
     </span>
     <span class='ocr_line' id='line_1_18' title="bbox 169 1685 1621 1756; baseline 0 -15"><span class='ocrx_word' id='word_1_83' title='bbox 169 1687 338 1755; x_wconf 79' lang='lat' dir='ltr'><strong>Syrus</strong></span> <span class='ocrx_word' id='word_1_84' title='bbox 1167 1689 1375 1756; x_wconf 86' lang='lat' dir='ltr'><strong>inepta</strong></span> <span class='ocrx_word' id='word_1_85' title='bbox 1404 1685 1621 1741; x_wconf 86' lang='lat' dir='ltr'><strong>lenitas</strong></span> 
     </span>
     <span class='ocr_line' id='line_1_19' title="bbox 435 1768 1221 1839; baseline 0 -15"><span class='ocrx_word' id='word_1_86' title='bbox 435 1773 618 1839; x_wconf 85' lang='lat' dir='ltr'><strong>patris</strong></span> <span class='ocrx_word' id='word_1_87' title='bbox 650 1776 714 1825; x_wconf 88' lang='lat' dir='ltr'><strong>et</strong></span> <span class='ocrx_word' id='word_1_88' title='bbox 743 1768 997 1825; x_wconf 85' lang='lat' dir='ltr'><strong>facilitas</strong></span> <span class='ocrx_word' id='word_1_89' title='bbox 1027 1788 1221 1838; x_wconf 87' lang='lat' dir='ltr'><strong>prava.</strong></span> 
     </span>
     <span class='ocr_line' id='line_1_20' title="bbox 171 1850 1834 1921; baseline -0.001 -13"><span class='ocrx_word' id='word_1_90' title='bbox 171 1853 383 1909; x_wconf 80' lang='lat' dir='ltr'><strong>Demea</strong></span> <span class='ocrx_word' id='word_1_91' title='bbox 1234 1850 1432 1908; x_wconf 87' lang='lat' dir='ltr'><strong>fratris</strong></span> <span class='ocrx_word' id='word_1_92' title='bbox 1461 1871 1558 1908; x_wconf 84' lang='lat' dir='ltr'><strong>me</strong></span> <span class='ocrx_word' id='word_1_93' title='bbox 1590 1850 1834 1921; x_wconf 88' lang='lat' dir='ltr'><strong>quidem</strong></span> 
     </span>
     <span class='ocr_line' id='line_1_21' title="bbox 283 1935 963 2006; baseline 0.001 -15"><span class='ocrx_word' id='word_1_94' title='bbox 283 1979 287 1982; x_wconf 85' lang='lat'>.</span> <span class='ocrx_word' id='word_1_95' title='bbox 434 1935 626 2006; x_wconf 92' lang='lat' dir='ltr'><strong>pudet</strong></span> <span class='ocrx_word' id='word_1_96' title='bbox 654 1939 963 2005; x_wconf 89' lang='lat' dir='ltr'><strong>pigetque.</strong></span> 
     </span>
     <span class='ocr_line' id='line_1_22' title="bbox 170 2017 1862 2089; baseline -0.002 -14"><span class='ocrx_word' id='word_1_97' title='bbox 170 2019 341 2089; x_wconf 77' lang='lat' dir='ltr'><strong>Syrus</strong></span> <span class='ocrx_word' id='word_1_98' title='bbox 982 2021 1232 2073; x_wconf 89' lang='lat' dir='ltr'><strong>nimium</strong></span> <span class='ocrx_word' id='word_1_99' title='bbox 1265 2022 1426 2073; x_wconf 88' lang='lat' dir='ltr'><strong>inter</strong></span> <span class='ocrx_word' id='word_1_100' title='bbox 1455 2037 1576 2086; x_wconf 88' lang='lat' dir='ltr'><strong>vos,</strong></span> <span class='ocrx_word' id='word_1_101' title='bbox 1611 2017 1862 2086; x_wconf 86' lang='lat' dir='ltr'><strong>Demea,</strong></span> 
     </span>
     <span class='ocr_line' id='line_1_23' title="bbox 436 2088 2147 2171; baseline -0.001 -14"><span class='ocrx_word' id='word_1_102' title='bbox 436 2088 586 2170; x_wconf 85' lang='lat' dir='ltr'><strong>(non</strong></span> <span class='ocrx_word' id='word_1_103' title='bbox 628 2105 766 2171; x_wconf 88' lang='lat' dir='ltr'><strong>quia</strong></span> <span class='ocrx_word' id='word_1_104' title='bbox 800 2100 944 2157; x_wconf 88' lang='lat' dir='ltr'><strong>ades</strong></span> <span class='ocrx_word' id='word_1_105' title='bbox 980 2120 1263 2171; x_wconf 89' lang='lat' dir='ltr'><strong>praesens</strong></span> <span class='ocrx_word' id='word_1_106' title='bbox 1299 2101 1434 2156; x_wconf 94' lang='lat' dir='ltr'><strong>dico</strong></span> <span class='ocrx_word' id='word_1_107' title='bbox 1469 2088 1612 2169; x_wconf 90' lang='lat' dir='ltr'><strong>hoc)</strong></span> <span class='ocrx_word' id='word_1_108' title='bbox 1661 2103 2022 2170; x_wconf 88' lang='lat' dir='ltr'><strong>pernimium</strong></span> <span class='ocrx_word' id='word_1_109' title='bbox 2058 2103 2147 2155; x_wconf 90' lang='lat' dir='ltr'><strong>in-</strong></span> 
     </span>
     <span class='ocr_line' id='line_1_24' title="bbox 517 2193 724 2241; baseline -0.005 0"><span class='ocrx_word' id='word_1_110' title='bbox 517 2193 724 2241; x_wconf 77' lang='lat' dir='ltr'><strong>terest‚</strong></span> 
     </span>
     <span class='ocr_line' id='line_1_25' title="bbox 434 2266 1841 2338; baseline -0.002 -13"><span class='ocrx_word' id='word_1_111' title='bbox 434 2277 522 2338; x_wconf 82' lang='lat' dir='ltr'><strong>tu,</strong></span> <span class='ocrx_word' id='word_1_112' title='bbox 555 2276 815 2337; x_wconf 87' lang='lat' dir='ltr'><strong>quantus</strong></span> <span class='ocrx_word' id='word_1_113' title='bbox 845 2266 1144 2336; x_wconf 90' lang='lat' dir='ltr'><strong>quantu&#39;s,</strong></span> <span class='ocrx_word' id='word_1_114' title='bbox 1175 2266 1262 2322; x_wconf 92' lang='lat' dir='ltr'><strong>nil</strong></span> <span class='ocrx_word' id='word_1_115' title='bbox 1291 2269 1406 2323; x_wconf 90' lang='lat' dir='ltr'><strong>nisi</strong></span> <span class='ocrx_word' id='word_1_116' title='bbox 1436 2270 1730 2336; x_wconf 86' lang='lat' dir='ltr'><strong>sapientia</strong></span> <span class='ocrx_word' id='word_1_117' title='bbox 1759 2285 1841 2335; x_wconf 85' lang='lat' dir='ltr'><strong>eS,</strong></span> 
     </span>
     <span class='ocr_line' id='line_1_26' title="bbox 434 2349 1941 2408; baseline -0.003 0"><span class='ocrx_word' id='word_1_118' title='bbox 434 2352 538 2408; x_wconf 91' lang='lat' dir='ltr'><strong>ille</strong></span> <span class='ocrx_word' id='word_1_119' title='bbox 568 2355 880 2407; x_wconf 90' lang='lat' dir='ltr'><strong>somnium.</strong></span> <span class='ocrx_word' id='word_1_120' title='bbox 970 2370 1117 2405; x_wconf 90' lang='lat' dir='ltr'><strong>num</strong></span> <span class='ocrx_word' id='word_1_121' title='bbox 1146 2353 1372 2406; x_wconf 89' lang='lat' dir='ltr'><strong>sineres</strong></span> <span class='ocrx_word' id='word_1_122' title='bbox 1403 2369 1543 2405; x_wconf 88' lang='lat' dir='ltr'><strong>vero</strong></span> <span class='ocrx_word' id='word_1_123' title='bbox 1572 2349 1742 2405; x_wconf 91' lang='lat' dir='ltr'><strong>illum</strong></span> <span class='ocrx_word' id='word_1_124' title='bbox 1772 2357 1941 2405; x_wconf 91' lang='lat' dir='ltr'><strong>tuom</strong></span> 
     </span>
     <span class='ocr_line' id='line_1_27' title="bbox 434 2434 849 2491; baseline -0.005 0"><span class='ocrx_word' id='word_1_125' title='bbox 434 2435 632 2491; x_wconf 88' lang='lat' dir='ltr'><strong>facere</strong></span> <span class='ocrx_word' id='word_1_126' title='bbox 662 2434 849 2490; x_wconf 88' lang='lat' dir='ltr'><strong>haec?</strong></span> 
     </span>
     <span class='ocr_line' id='line_1_28' title="bbox 174 2514 2146 2576; baseline -0.004 -1"><span class='ocrx_word' id='word_1_127' title='bbox 174 2520 387 2576; x_wconf 88' lang='lat' dir='ltr'><strong>Demea</strong></span> <span class='ocrx_word' id='word_1_128' title='bbox 705 2521 966 2572; x_wconf 90' lang='lat' dir='ltr'><strong>sinerem</strong></span> <span class='ocrx_word' id='word_1_129' title='bbox 994 2515 1203 2571; x_wconf 90' lang='lat' dir='ltr'><strong>illum?</strong></span> <span class='ocrx_word' id='word_1_130' title='bbox 1247 2522 1354 2571; x_wconf 88' lang='lat' dir='ltr'><strong>aut</strong></span> <span class='ocrx_word' id='word_1_131' title='bbox 1382 2535 1506 2570; x_wconf 93' lang='lat' dir='ltr'><strong>non</strong></span> <span class='ocrx_word' id='word_1_132' title='bbox 1535 2534 1639 2571; x_wconf 86' lang='lat' dir='ltr'><strong>sex</strong></span> <span class='ocrx_word' id='word_1_133' title='bbox 1669 2518 1813 2570; x_wconf 86' lang='lat' dir='ltr'><strong>totis</strong></span> <span class='ocrx_word' id='word_1_134' title='bbox 1842 2514 2146 2570; x_wconf 77' lang='lat' dir='ltr'><strong>mensibus</strong></span> 
     </span>
     <span class='ocr_line' id='line_1_29' title="bbox 434 2597 1994 2672; baseline -0.001 -16"><span class='ocrx_word' id='word_1_135' title='bbox 434 2605 598 2672; x_wconf 89' lang='lat' dir='ltr'><strong>prius</strong></span> <span class='ocrx_word' id='word_1_136' title='bbox 619 2599 956 2656; x_wconf 89' lang='lat' dir='ltr'><strong>olfecissem</strong></span> <span class='ocrx_word' id='word_1_137' title='bbox 985 2619 1164 2668; x_wconf 90' lang='lat' dir='ltr'><strong>quam</strong></span> <span class='ocrx_word' id='word_1_138' title='bbox 1192 2598 1296 2654; x_wconf 90' lang='lat' dir='ltr'><strong>ille</strong></span> <span class='ocrx_word' id='word_1_139' title='bbox 1325 2601 1644 2667; x_wconf 89' lang='lat' dir='ltr'><strong>quicquam</strong></span> <span class='ocrx_word' id='word_1_140' title='bbox 1674 2597 1994 2667; x_wconf 82' lang='lat' dir='ltr'><strong>coeperet?</strong></span> 
     </span>
     <span class='ocr_line' id='line_1_30' title="bbox 173 2681 1547 2754; baseline -0.004 -13"><span class='ocrx_word' id='word_1_141' title='bbox 173 2686 343 2754; x_wconf 76' lang='lat' dir='ltr'><strong>Syrus</strong></span> <span class='ocrx_word' id='word_1_142' title='bbox 434 2684 807 2754; x_wconf 86' lang='lat' dir='ltr'><strong>vigilantiam</strong></span> <span class='ocrx_word' id='word_1_143' title='bbox 837 2690 1004 2738; x_wconf 91' lang='lat' dir='ltr'><strong>tuam</strong></span> <span class='ocrx_word' id='word_1_144' title='bbox 1034 2690 1103 2738; x_wconf 93' lang='lat' dir='ltr'><strong>tu</strong></span> <span class='ocrx_word' id='word_1_145' title='bbox 1131 2681 1281 2737; x_wconf 90' lang='lat' dir='ltr'><strong>mihi</strong></span> <span class='ocrx_word' id='word_1_146' title='bbox 1310 2682 1547 2737; x_wconf 89' lang='lat' dir='ltr'><strong>narras?</strong></span> 
     </span>
     <span class='ocr_line' id='line_1_31' title="bbox 178 2763 1782 2825; baseline -0.004 -1"><span class='ocrx_word' id='word_1_147' title='bbox 178 2770 386 2825; x_wconf 86' lang='lat' dir='ltr'><strong>Demea</strong></span> <span class='ocrx_word' id='word_1_148' title='bbox 1551 2766 1635 2820; x_wconf 89' lang='lat' dir='ltr'><strong>sic</strong></span> <span class='ocrx_word' id='word_1_149' title='bbox 1663 2763 1782 2819; x_wconf 80' lang='grc'>5101</span> 
     </span>
     <span class='ocr_line' id='line_1_32' title="bbox 435 2849 1312 2916; baseline -0.003 -10"><span class='ocrx_word' id='word_1_150' title='bbox 435 2849 614 2906; x_wconf 87' lang='grc' dir='ltr'>1110ᾶο</span> <span class='ocrx_word' id='word_1_151' title='bbox 642 2856 713 2905; x_wconf 83' lang='lat' dir='ltr'><strong>ut</strong></span> <span class='ocrx_word' id='word_1_152' title='bbox 740 2868 902 2904; x_wconf 94' lang='lat' dir='ltr'><strong>nunc</strong></span> <span class='ocrx_word' id='word_1_153' title='bbox 933 2854 1044 2916; x_wconf 86' lang='lat' dir='ltr'><strong>est,</strong></span> <span class='ocrx_word' id='word_1_154' title='bbox 1076 2865 1312 2916; x_wconf 79' lang='lat' dir='ltr'><strong>quaeso·</strong></span> 
     </span>
     <span class='ocr_line' id='line_1_33' title="bbox 172 2927 2142 3005; baseline -0.005 -14"><span class='ocrx_word' id='word_1_155' title='bbox 172 2935 342 3005; x_wconf 73' lang='lat' dir='ltr'><strong>Syrus</strong></span> <span class='ocrx_word' id='word_1_156' title='bbox 1073 2937 1143 2986; x_wconf 90' lang='lat' dir='ltr'><strong>ut</strong></span> <span class='ocrx_word' id='word_1_157' title='bbox 1172 2933 1424 2999; x_wconf 89' lang='lat' dir='ltr'><strong>quisque</strong></span> <span class='ocrx_word' id='word_1_158' title='bbox 1453 2948 1623 2986; x_wconf 89' lang='lat' dir='ltr'><strong>suom</strong></span> <span class='ocrx_word' id='word_1_159' title='bbox 1650 2927 1778 2985; x_wconf 90' lang='lat' dir='ltr'><strong>volt</strong></span> <span class='ocrx_word' id='word_1_160' title='bbox 1807 2947 1955 2992; x_wconf 81' lang='lat' dir='ltr'><strong>esse.</strong></span> <span class='ocrx_word' id='word_1_161' title='bbox 1987 2931 2142 2983; x_wconf 81' lang='lat' dir='ltr'><strong>itast.</strong></span> 
     </span>
     <span class='ocr_line' id='line_1_34' title="bbox 174 3012 2350 3086; baseline -0.005 -12"><span class='ocrx_word' id='word_1_162' title='bbox 174 3018 389 3075; x_wconf 90' lang='lat' dir='ltr'><strong>Demea</strong></span> <span class='ocrx_word' id='word_1_163' title='bbox 439 3015 583 3086; x_wconf 91' lang='lat' dir='ltr'><strong>quid</strong></span> <span class='ocrx_word' id='word_1_164' title='bbox 615 3014 792 3071; x_wconf 89' lang='lat' dir='ltr'><strong>eum?</strong></span> <span class='ocrx_word' id='word_1_165' title='bbox 834 3012 1081 3070; x_wconf 84' lang='lat' dir='ltr'><strong>vidistin</strong></span> <span class='ocrx_word' id='word_1_166' title='bbox 1110 3012 1330 3068; x_wconf 84' lang='lat' dir='ltr'><strong>hodie?</strong></span> <span class='ocrx_word' id='word_1_167' title='bbox 2235 3014 2350 3064; x_wconf 78' lang='lat'><strong>400</strong></span> 
     </span>
     <span class='ocr_line' id='line_1_35' title="bbox 175 3093 1837 3171; baseline -0.004 -14"><span class='ocrx_word' id='word_1_168' title='bbox 175 3101 340 3171; x_wconf 74' lang='lat' dir='ltr'><strong>Syrus</strong></span> <span class='ocrx_word' id='word_1_169' title='bbox 1335 3102 1584 3151; x_wconf 88' lang='lat' dir='ltr'><strong>tuomne</strong></span> <span class='ocrx_word' id='word_1_170' title='bbox 1615 3093 1837 3150; x_wconf 87' lang='lat' dir='ltr'><strong>filium?</strong></span> 
     </span>
     <span class='ocr_line' id='line_1_36' title="bbox 439 3188 554 3238; baseline -0.026 0"><span class='ocrx_word' id='word_1_171' title='bbox 439 3188 554 3238; x_wconf 69' lang='lat'><strong>958</strong></span> 
     </span>
    </p>
   </div>
  </div>
 </body>
</html>
