2352 3724
142 379 307 435 Phae.

140 629 181 683 A
190 627 284 685 nti.

143 712 309 768 Phae.

140 796 182 849 A
191 794 285 851 nti.

143 879 308 933 Phae.

145 1129 189 1183 A
198 1127 292 1184 nti.

145 1461 326 1517 Dorio

145 1545 191 1600 A
200 1544 292 1600 nti.

146 1704 314 1767 Phae}

145 1877 293 1934 Anti.

148 1961 291 2017 Geta

145 2043 317 2099 Phae.

147 2126 328 2182 Dorio

150 2292 316 2349 Phae.

143 2792 321 2847 Dorio

140 2875 184 2931 A
194 2874 285 2929 nti.

693 258 1051 315 PUBLIUS
1097 259 1569 316 TERENTIUS
1616 259 1833 314 AFER

400 386 586 447 atque
619 378 896 448 Antipho
926 378 1042 433 alia
1073 398 1254 447 quom
1286 386 1610 448 occupatus
1642 386 1801 435 esset
1836 378 2121 450 sollicitu-

482 462 644 530 dine,

404 553 533 600 tum
566 545 679 600 1100
713 564 842 600 6336
874 549 957 600 1111
990 545 1295 600 obiectum
1324 544 1579 601 malum!

1039 628 1187 696 quid
1217 633 1371 683 istuc
1402 635 1496 684 est
1529 635 1754 698 autem,
1787 626 2119 683 Phaedria?

402 731 436 767 0
469 711 964 768 fortunatissume
997 711 1287 781 Antipho.

1207 794 1439 863 egone?

1326 880 1466 946 quoi
1497 875 1658 946 quod
1687 895 1848 931 amas
1878 875 2117 944 domist,

406 981 604 1030 neque
634 980 921 1030 umquam
953 980 1090 1016 cum
1120 959 1297 1016 huius
1326 959 1491 1016 modi
1520 978 1659 1015 usus
1685 963 1852 1015 venit
1881 966 1950 1014 ut
1979 978 2119 1014 con-

473 1045 728 1100 flictares
757 1043 931 1100 malo,

413 1128 513 1183 mil
526 1133 605 1182 .in
637 1127 893 1183 domist?
939 1131 1141 1196 imm0,
1172 1126 1236 1182 id
1267 1125 1429 1195 quod
1457 1129 1648 1196 aiunt,
1672 1125 1912 1180 auribus
1942 1132 2124 1179 teneo

488 1211 728 1281 lupum:

409 1315 546 1349 nam
594 1313 794 1363 neque
842 1313 961 1363 quo
1010 1301 1188 1362 pacto
1235 1313 1269 1347 a
1315 1312 1414 1348 me
1460 1295 1736 1347 amittam
1782 1309 1981 1359 neque
2033 1292 2122 1344 uti

492 1382 788 1433 retineam
819 1381 955 1432 3010.

412 1465 608 1530 ipsum
639 1465 793 1516 istuc
823 1464 906 1514 mi
935 1463 999 1515 in
1028 1459 1142 1514 1100
1175 1466 1283 1516 est.

1299 1541 1453 1611 heia,
1477 1560 1557 1598 ne
1578 1560 1790 1612 parum
1818 1539 1958 1595 leno
1987 1543 2117 1595 sies.

409 1647 555 1683 num
587 1626 731 1696 quid
763 1626 860 1681 1110
892 1624 1190 1680 confecit?
2094 1674 2096 1676 ,

865 1708 1102 1764 hicine?
1148 1707 1310 1776 quod
1339 1707 1519 1763 homo
1546 1706 2120 1762 inhumanissumus‘:

412 1792 783 1863 Pamphilam
813 1812 1010 1847 meam
1041 1791 1330 1847 vendidit.

1211 1874 1392 1944 quid?
1438 1872 1748 1930 vendidit?

1646 1956 1781 2010 ain?
1827 1952 2117 2009 vendidit.

408 2042 702 2100 vendidit.

747 2145 927 2194 quam
979 2124 1297 2193 indignum
1349 2122 1599 2191 facinus,
1649 2119 1929 2176 ancillam
1984 2137 2124 2174 aere

493 2216 759 2277 emptam
788 2208 951 2263 meo!

409 2311 645 2360 nequeo
676 2311 920 2346 exorare
952 2298 1021 2345 ut
1049 2310 1147 2345 me
1178 2295 1422 2344 maneat
1451 2294 1516 2343 et
1545 2306 1682 2342 cum
1705 2285 1808 2340 illo
1831 2292 1901 2340 ut
1922 2289 2122 2339 mutet

476 2374 656 2430 fidem

409 2457 671 2514 triduom
701 2456 835 2524 1100,
866 2455 1012 2511 dum
1040 2455 1105 2511 id
1135 2454 1296 2524 quod
1321 2460 1415 2509 est
1436 2455 1792 2522 promissum
1813 2450 1889 2504 ab
1912 2451 2117 2504 amicis

488 2546 810 2610 argentum
839 2538 1062 2594 aufero,

407 2629 454 2681 si
484 2643 608 2679 non
642 2630 774 2678 tum
810 2621 1057 2691 dedere,
1086 2639 1270 2677 unam
1305 2625 1620 2689 praeterea
1656 2615 1861 2670 horam
1897 2633 1975 2670 ne
2013 2633 2115 2682 op-

489 2713 696 2776 pertus
726 2710 856 2761 sieS.

409 2789 709 2845 obtundes
729 2789 751 2844 ?

708 2870 872 2927 haud
900 2869 1211 2938 longumst
1239 2866 1303 2923 id
1332 2865 1494 2935 quod
1524 2871 1681 2920 orat:
1729 2868 1938 2918 exoret
1967 2865 2113 2918 sine.

400 2956 564 3011 idem
606 2954 705 3010 hic
748 2954 879 3022 tibi,
926 2951 1088 3022 quod
1131 2952 1274 3008 boni
1317 2952 1678 3019 promeritus
1722 2944 1923 3013 fueris,
1974 2964 2114 2999 eon-

483 3037 896 3107 duplicaverit.

401 3211 472 3261 58

2210 1790 2326 1842 510
