2352 3724
608 241 964 302 PUBLIUS
1008 243 1480 302 TERENTIUS
1525 244 1741 300 AFER

314 362 583 432 dicitque
613 382 743 420 sese
775 364 862 418 illi
891 363 1158 432 anulum,
1189 364 1335 420 dum
1364 364 1578 433 luctat,
1610 364 1956 420 detraxisse.

314 465 455 502 eum
498 445 647 501 haec
691 451 975 515 cognovit
1020 446 1309 517 Myrrina,
1351 450 1415 502 in
1462 447 1655 515 digito
1701 446 1881 503 modo
1926 466 2025 503 me
2117 453 2236 504 830

401 528 683 584 habente.

315 619 489 680 rogat
514 611 674 667 unde
699 615 810 668 sit:
840 632 1015 668 narro
1038 616 1239 668 omnia
1260 612 1442 668 haec:
1480 612 1622 669 inde
1647 620 1742 669 est
1764 616 2031 681 cognitio

400 694 578 763 facta,

321 777 738 833 Philumenam
770 797 1171 848 compressam
1203 797 1333 835 esse
1364 779 1440 834 ab
1470 798 1543 834 eo
1574 785 1638 834 et
1668 778 1856 834 filium
1887 778 2030 835 inde

401 860 562 916 hunc
591 869 818 916 natum.

317 943 466 998 haec
496 951 591 999 tot
623 952 871 1014 propter
899 964 997 1000 me
1027 944 1248 1013 gaudia
1276 944 1364 999 illi
1395 948 1718 1013 contigisse
1749 944 1971 1001 laetor:

317 1031 431 1083 etsi
456 1027 570 1082 hoc
592 1031 943 1083 meretrices
966 1027 1117 1083 aliae
1142 1027 1392 1095 nolunt3
1436 1047 1636 1097 neque
1661 1031 1823 1083 enim
1849 1035 1941 1084 est
1965 1032 2028 1083 in

404 1130 532 1165 rem
561 1118 829 1166 nostram

318 1200 389 1249 ut
407 1197 720 1262 quisquam
740 1201 970 1249 amator
988 1197 1216 1263 nuptiis
1234 1193 1513 1249 laetetur.
1572 1214 1780 1249 verum
1800 1201 2031 1250 ecastor

319 1296 647 1345 numquam
666 1280 933 1332 animum
957 1281 1191 1346 quaesti
1212 1280 1407 1346 gratia
1429 1277 1504 1332 ad
1529 1276 1713 1333 malas
1736 1277 2030 1332 adducam

406 1363 605 1428 partis.

321 1462 435 1511 ego
456 1443 557 1498 illo
578 1443 719 1498 dum
740 1442 1034 1498 licitumst
1055 1463 1158 1499 usa
1177 1463 1308 1499 sum
1327 1443 1593 1511 benigno
1614 1451 1677 1498 et
1696 1443 1897 1512 lepido
1918 1456 1981 1498 et
2002 1445 2170 1499 comi.

320 1526 699 1581 incommode
730 1526 878 1580 mihi
908 1530 1136 1595 nuptiis
1166 1530 1392 1595 evenit,
1423 1525 1651 1581 factum
1682 1525 1906 1581 fateor:

319 1617 384 1665 at
412 1609 513 1679 pol
543 1629 641 1664 me
665 1608 878 1665 fecisse
903 1610 1176 1678 arbitror,
1200 1628 1278 1665 ne
1303 1609 1364 1664 id
1388 1613 1606 1664 merito
1630 1613 1713 1663 mi
1737 1613 2023 1664 eveniret.

320 1692 511 1748 multa
555 1712 629 1748 ex
675 1712 793 1761 quo
837 1691 1066 1748 fuerint
1109 1691 1442 1762 commoda,
1482 1695 1609 1748 eius
1651 1691 2030 1747 incommoda
2119 1698 2236 1748 840

404 1783 719 1845 aequomst
748 1774 921 1830 ferre.

61 1858 213 1914 Pam.
323 1858 498 1928 Vide,
528 1863 611 1913 mi
655 1858 967 1926 ParmenO,
999 1862 1183 1914 etiam
1220 1857 1414 1928 sodeS,
1445 1864 1516 1915 ut
1552 1861 1637 1913 mi
1676 1857 1827 1914 haec
1867 1865 2031 1914 certa

57 1941 124 1997 V.
151 1946 209 1996 iv
407 1949 471 1997 et
502 1942 660 1996 clara
688 1941 984 2010 attuleriS,

320 2044 398 2079 ne
417 2045 514 2080 me
535 2029 597 2079 in
617 2026 798 2080 breve
819 2023 1098 2081 coniicias
1120 2032 1358 2094 tempus
1375 2022 1596 2093 gaudio
1618 2023 1731 2079 hoc
1755 2021 1904 2079 falso
1921 2021 2053 2079 frui.

63 2107 189 2163 Par.
320 2112 584 2164 visumst.

61 2191 212 2246 Pam.
554 2199 764 2246 certen
780 2191 801 2245 ?

59 2274 188 2329 Par.
694 2281 874 2329 certe.

60 2357 211 2412 Pam.
829 2357 977 2412 deus
1008 2376 1159 2425 sum,
1191 2360 1236 2413 si
1269 2356 1383 2412 hoc
1412 2360 1570 2413 itast.

60 2440 188 2495 Par.
1510 2459 1716 2494 verum
1748 2442 2024 2509 repcrIeS.

59 2522 212 2579 Pam.
319 2543 498 2578 mane
544 2522 689 2578 dum
733 2522 938 2579 sodes:
1001 2526 1188 2578 timeo
1231 2541 1310 2577 ne
1353 2522 1517 2578 aliud
1560 2522 1801 2578 credam
1845 2530 2029 2592 atque

403 2606 566 2661 aliud
596 2610 856 2662 nunties.

55 2689 188 2745 Par.
321 2709 548 2745 maneo

57 2771 211 2827 Pam.
568 2775 651 2826 sic
681 2779 744 2827 te
777 2771 918 2827 dixe
951 2775 1180 2842 opinor,
1210 2774 1510 2827 invenisse
1542 2769 1874 2839 Myrrinam

327 2853 683 2910 Bacchidem
713 2854 960 2910 anulum
992 2874 1160 2910 suom
1190 2853 1431 2909 habere.

63 2937 187 2993 Par.
1101 2937 1343 2992 factum.

64 3020 210 3076 Pam.
1214 3039 1352 3075 eum
1383 3038 1564 3087 quem
1593 3016 1738 3074 olim
1769 3022 1822 3073 ei
1855 3017 2026 3073 dedi:

319 3123 508 3172 eaque
527 3103 642 3160 hoc
660 3111 725 3160 te
742 3102 890 3160 mihi
913 3105 1191 3159 nuntiare
1211 3106 1396 3158 iussit.
1461 3106 1626 3158 itane
1648 3108 1741 3157 est
1762 3100 2025 3156 factum?

320 3186 437 3244 eoo·
