2430 3710
718 236 1070 293 PUBLIUS
1114 236 1586 296 TERENTIUS
1631 239 1847 295 AFER

423 361 522 415 ubi
555 380 669 429 ego
699 361 869 416 illum
899 381 1181 430 quaeram
1203 363 1225 416 ?
1251 362 1430 417 eredo
1449 362 1775 419 abductum
1797 368 1860 419 in
1878 385 2134 434 ganeum

421 448 657 517 aliquo:
690 454 983 518 persuasit
1013 449 1114 504 ille
1146 455 1413 519 inpurus,
1445 459 1537 507 sat
1567 456 1702 507 scio,
2227 453 2344 511 360

424 537 532 594 sed
581 557 790 592 eccum
839 537 1055 606 Syrum
1102 542 1188 594 ire
1237 539 1450 595 video:
1508 543 1626 595 iam
1661 540 1803 595 hine
1841 542 2002 597 scibo
2038 542 2139 598 ubi

511 630 641 681 siet.

421 722 605 784 atque
637 714 840 770 hercle
873 714 968 769 hie
999 714 1075 770 de
1105 735 1293 785 grege
1324 715 1521 772 illost:
1552 721 1596 772 si
1630 738 1726 773 me
1758 722 2013 774 senserit

424 823 563 860 eum
594 807 952 872 quaeritare,
983 824 1311 872 numquam
1343 804 1506 860 dicet
1536 805 1837 861 carnufex.

426 913 546 947 non
578 891 894 947 ostendam
924 891 985 946 id
1016 911 1114 947 me
1146 892 1318 947 velle.

161 991 330 1059 Syrus
1315 1009 1557 1044 omnem
1589 1009 1715 1044 rem
1746 990 1924 1045 modo
1954 1009 2083 1046 sem

426 1098 544 1147 quo
575 1085 750 1147 pacto
780 1076 1035 1132 haberet
1069 1096 1411 1133 enarramus
1441 1077 1650 1133 ordine
1675 1097 1688 1133 ε

427 1167 510 1222 nil
541 1170 860 1236 quiequam
891 1165 1008 1220 vidi
1042 1165 1273 1221 laetius.

166 1266 375 1320 Demea
1279 1282 1384 1330 pro
1420 1261 1710 1331 Iuppiter,

427 1353 686 1408 hominis
716 1350 1036 1406 stultitiam
1063 1351 1072 1385 '

162 1451 332 1521 Syrus
1082 1446 1464 1502 conlaudavit
1494 1447 1717 1502 filium:

427 1538 596 1607 mihi,
626 1540 729 1606 qui
759 1535 822 1591 id
853 1535 1154 1591 dedissem
1187 1535 1522 1605 eonsilium,
1554 1540 1681 1605 egit
1710 1541 1946 1606 gratias.

168 1638 376 1692 Demea
427 1635 763 1701 disrumpor
787 1675 797 1686 .

164 1733 333 1803 Syrus
803 1734 1123 1795 argentum
1153 1726 1571 1783 adnumeravit
1599 1727 1735 1783 ilico
1759 1747 1772 1794 3

428 1818 601 1874 dedit
630 1824 944 1886 praeterea
973 1818 1034 1870 in
1067 1822 1374 1885 sumptum
1405 1815 1721 1872 dimidium
1750 1821 1947 1872 minae
1971 1835 1985 1883 ;
2231 1822 2349 1878 370

428 1908 490 1963 id
519 1906 908 1962 distributum
938 1923 1081 1959 sane
1113 1910 1206 1959 est
1236 1923 1308 1959 ex
1339 1908 1659 1960 sententia.

173 2007 378 2062 Demea
1635 2001 1795 2069 hem,

433 2086 569 2142 huie
598 2084 868 2152 mandeS,
900 2087 947 2139 si
979 2083 1124 2152 quid
1155 2091 1321 2138 reete
1353 2091 1625 2139 curatum
1656 2084 1817 2140 velis,

165 2185 335 2254 Syrus
434 2182 614 2238 ehem
645 2180 896 2247 Demea,
928 2177 1091 2234 haud
1119 2198 1469 2248 aspexeram
1498 2186 1578 2235 te.
1669 2179 1814 2248 quid
1843 2181 2084 2249 agitur?

171 2280 379 2335 Demea
430 2276 574 2347 quid
603 2275 859 2344 agatur?
883 2281 1143 2330 vostram
1173 2293 1410 2342 nequeo
1438 2278 1638 2329 mirari
1669 2279 1809 2330 satis

430 2370 741 2421 rationem.
1397 2358 1402 2363 ’

167 2465 337 2534 Syrus
755 2465 848 2514 est
876 2457 1081 2513 hercle
1113 2462 1356 2526 inepta;
1388 2477 1464 2513 ne
1497 2458 1688 2513 dicam
1722 2458 1878 2527 dolo,

429 2549 700 2606 absurda.
788 2550 964 2617 piscis
995 2554 1226 2601 ceteros
1257 2566 1463 2614 purga,
1497 2546 1758 2613 Drom03

430 2657 728 2707 gongrum
757 2639 940 2691 istum
969 2655 1311 2689 maxumum
1346 2639 1401 2688 in
1436 2655 1588 2702 aqua
1617 2639 1796 2690 sinito
1829 2635 2034 2692 ludere

431 2730 762 2794 tantisper:
792 2724 893 2778 ubi
926 2742 1039 2791 ego
1069 2722 1322 2789 redier0‚
1355 2723 1760 2785 exossabitur;

433 2818 594 2884 prius
623 2811 776 2867 nolo,

169 2914 380 2970 Demea
795 2906 1009 2961 haecin
1040 2904 1261 2974 flagitia
1283 2906 1303 2959 ?

168 3009 340 3078 Syrus
1272 3005 1351 3055 mi
1386 3001 1629 3069 quidem
1661 3021 1782 3056 non
1814 3001 2056 3070 placent

435 3096 499 3144 et
529 3087 719 3142 clamo
749 3104 944 3155 saepe.
1038 3083 1399 3140 salsamenta
1431 3083 1597 3152 haec,
1630 3083 1980 3154 Stephani0‚
2233 3089 2351 3140 380

435 3180 553 3239 256
