2352 3724
647 223 1001 281 PUBLIUS
1047 224 1517 281 TERENTIUS
1563 226 1776 279 AFER

352 351 422 400 ut
451 343 598 414 quid
627 363 803 412 agam
835 362 973 399 cum
1003 343 1108 399 illo
1137 348 1401 400 nesciam
1432 364 1717 414 prorsum.
2159 351 2277 410 980

93 437 270 497 Demi.
1730 461 1841 510 ego
1874 445 2023 497 scio:

350 538 413 590 in
443 538 534 591 ius
564 554 783 591 eamus

89 628 255 687 Phor.
786 632 850 685 in
881 629 1009 685 ius?
1039 628 1177 699 hue,
1211 649 1258 685 Sl
1290 629 1435 699 quid
1464 629 1652 687 lubet.

89 724 217 782 Chr.
347 725 699 794 adsequere,
730 728 947 793 retine,
981 724 1125 780 dum
1157 744 1271 794 ego
1301 724 1419 782 huc
1449 745 1648 782 servos
1681 746 1878 783 evoco.

75 819 267 877 Demi.
353 824 515 876 enim
545 838 783 889 nequeo
814 819 1004 876 solus:
1035 819 1303 876 adcurre.

92 915 254 972 Phor.
1075 988 1077 990 ³
1258 935 1377 971 una
1406 918 1679 973 iniuriast

351 1018 570 1067 tecum.

92 1106 269 1164 Demi.
567 1105 705 1175 lege
736 1108 900 1174 agito
933 1124 1092 1174 ergo,

88 1202 253 1260 Phor.
1090 1200 1339 1257 alterast
1367 1209 1590 1271 tecum,
1625 1202 1926 1260 Chremes·

89 1298 217 1356 Chr.
348 1318 491 1368 rape
521 1296 698 1353 hune.

90 1394 254 1451 Phor.
704 1396 787 1448 sic
817 1393 1033 1461 agitis?
1065 1396 1228 1448 enim
1257 1411 1398 1449 vero
1428 1400 1633 1449 voeest
1664 1413 1840 1463 opus:

353 1489 748 1558 Nausistrata,
780 1491 892 1544 exi.

90 1585 217 1645 Chr.
888 1602 953 1640 os
983 1587 1254 1654 opprime
1284 1587 1595 1654 inpurum:
1626 1584 1760 1642 vide

353 1688 647 1750 quantum
677 1677 855 1736 valet.

91 1779 255 1836 Phor.
843 1775 1238 1844 Nausistrata,
1268 1779 1529 1846 inquam.

91 1874 269 1930 Demi.
1521 1892 1642 1928 non
1674 1878 1877 1929 taces?

89 1970 255 2026 Plzor.
346 1968 618 2025 taceam?

90 2066 270 2122 Deme.
608 2066 722 2119 nisi
753 2066 1042 2132 sequitur,
1074 2081 1309 2132 pugnos
1339 2066 1403 2118 in
1434 2070 1708 2118 ventrem
1739 2071 1965 2130 ingere.

89 2162 255 2219 Phor.
345 2160 441 2216 vel
471 2159 711 2216 oculum
743 2158 1057 2227 exsculpe:
1091 2166 1184 2214 est
1214 2159 1317 2214 ubi
1350 2178 1450 2214 vos
1481 2158 1730 2214 ulciscar
1759 2160 1961 2228 probe.

88 2258 238 2315 Nau.
349 2255 471 2326 Qui
499 2258 773 2311 nominat
800 2254 937 2310 me?
968 2253 1131 2324 hem,
1162 2252 1308 2323 quid
1337 2256 1492 2310 istuc
1522 2254 1808 2310 turbaest.
1844 2255 2109 2322 obsecre,
2156 2258 2275 2317 990

90 2355 223 2410 V.ix
352 2355 437 2408 mi
466 2352 592 2407 vir?

90 2450 255 2507 Plzor.
593 2444 792 2516 ehem,
823 2444 969 2516 quid
998 2464 1160 2501 nunc
1191 2445 1574 2515 obstipuisti?

90 2545 238 2602 Nau.
1568 2541 1699 2609 quis
1729 2539 1826 2594 hic
1863 2538 2135 2596 homost?

351 2670 475 2708 non
502 2649 651 2705 mihi
680 2647 1047 2719 respondes?

90 2761 254 2819 Phor.
1033 2754 1233 2812 hicine
1262 2761 1334 2812 ut
1361 2755 1473 2811 tibi
1503 2756 1884 2824 respondeat,

349 2869 453 2937 qui
481 2863 686 2922 hercle
716 2864 821 2920 ubi
850 2866 929 2920 sit
957 2863 1190 2920 nescit?

87 2979 215 3038 Chr.
805 3014 808 3017 -
1145 2990 1288 3027 cave
1319 2974 1417 3027 isti
1450 2973 1766 3040 quicquam
1798 2970 2058 3026 creduaS.

89 3086 251 3144 Phor.
340 3084 456 3152 abi,
489 3090 707 3150 tange:
737 3081 787 3138 si
815 3097 942 3137 non
973 3085 1137 3134 totus
1167 3077 1371 3148 friget,
1402 3097 1499 3132 me
1533 3080 1712 3133 enica.

355 3174 379 3222 l
400 3172 471 3222 10
