2404 3704
151 454 273 509 Aee.

149 536 323 592 Micio

151 620 361 675 Demea

149 785 323 842 afficio

150 870 195 924 A
203 890 274 925 es.

152 952 323 1008 Micio

152 1036 360 1091 Demea

150 1119 323 1174 Micio

150 1537 192 1591 Α
202 1557 271 1592 es,

148 1619 321 1675 Micio

149 1703 360 1758 Demea

147 1785 320 1842 Micio

147 1870 358 1926 Demea

147 1953 193 2009 A
202 1974 271 2008 es,

148 2036 358 2091 Demea

150 2119 322 2175 Micio

153 2204 195 2257 Α
204 2224 273 2259 es,

152 2286 322 2341 Micio

151 2370 361 2424 Demea

158 2452 227 2507 Μ’
220 2451 322 2508 icio

156 2704 194 2756 Α
204 2723 272 2758 eS.

157 2786 359 2841 Demea

151 2867 322 2923 M'icio

154 2951 360 3006 Demea

153 3032 322 3088 51sz

153 3117 357 3172 Demea

708 249 1063 308 PUBLIUS
1107 250 1468 307 TERENTI
1478 251 1579 310 US
1627 251 1840 308 AFER

412 369 510 425 hic
539 368 735 426 faciat.

571 457 654 509 mi
683 454 890 523 pater!

716 535 862 605 quid
890 543 958 592 tu
989 543 1196 592 autem
1225 535 1386 606 huic,
1414 540 1601 606 asine,
1629 534 1972 593 auscultas?

1852 618 1937 675 nil
1967 622 2130 690 agis.-

414 703 539 758 fieri
569 702 746 758 aliter
775 721 898 757 non
929 709 1145 772 potest.

1109 785 1342 841 deliras,

1278 872 1408 925 sine
1438 875 1502 925 te
1533 887 1796 938 exorem,
1825 873 1909 925 mi
1938 876 2125 938 pater.

410 955 633 1008 insanis
657 971 670 1007 :
700 950 884 1008 aufer.

886 1054 1021 1105 age,
1051 1034 1129 1090 da
1158 1039 1394 1090 veniam
1425 1034 1559 1090 filio.

1557 1121 1714 1173 satin
1743 1136 1920 1174 sanus
1950 1117 2058 1173 es?

411 1221 527 1272 ego
556 1221 740 1259 novos
769 1205 1020 1257 maritus
1050 1221 1209 1256 anno
1238 1200 1485 1256 demum
1515 1205 1728 1270 quinto
1751 1207 1816 1257 et
1837 1219 2128 1270 sexagen-

494 1305 663 1342 sumo

411 1369 548 1424 fiam
593 1376 777 1437 atque
826 1388 1009 1423 anum
1059 1366 1431 1437 decrepitam
1482 1365 1740 1421 ducam?
1790 1364 1934 1421 idne
1985 1369 2127 1422 estis

493 1460 767 1509 auctores
795 1450 944 1506 mihi
967 1452 987 1505 ?

412 1535 504 1592 fac
528 1555 541 1591 z
571 1538 814 1605 promisi
846 1553 960 1603 ego
989 1533 1120 1589 illis.

876 1620 1148 1686 promisti
1176 1617 1424 1671 autem?
1455 1614 1533 1671 de
1563 1622 1628 1672 te
1657 1615 1924 1685 largitor,
1957 1634 2118 1684 puer.

410 1722 544 1772 age,
575 1699 721 1770 quid
751 1704 800 1757 si
831 1698 975 1769 quid
1005 1707 1070 1755 te
1102 1703 1290 1755 maius
1321 1699 1496 1754 oret?

1158 1785 1325 1850 quasi
1355 1801 1478 1837 non
1506 1780 1621 1836 hoc
1650 1784 1728 1836 sit
1756 1799 2119 1835 maxumum.

411 1868 487 1924 da
517 1872 769 1923 veniam.

777 1969 855 2006 ne
885 1967 1148 2019 gravare.

1148 2031 1261 2099 fae,
1292 2034 1596 2100 promitte.

1608 2132 1730 2168 non
1759 2115 2040 2168 omittitis
2062 2111 2084 2166 ?

413 2221 555 2269 non,
586 2203 700 2256 nisi
728 2207 793 2255 te
824 2210 1081 2255 exorem.

990 2285 1075 2337 vis
1105 2287 1200 2336 est
1228 2279 1377 2336 haec
1407 2278 1667 2348 quidem.

1498 2381 1611 2431 age
1641 2360 1890 2430 prolixe,
1923 2360 2120 2415 Micio.

409 2454 521 2508 etsi
572 2448 687 2505 hoc
736 2447 884 2503 mihi
935 2466 1177 2516 pravom
1230 2450 1505 2514 ineptum
1561 2442 1884 2500 absurdum
1941 2449 2124 2511 atque

493 2533 758 2588 alienum
787 2551 822 2586 a
851 2534 974 2586 vita
1001 2549 1137 2585 mea

411 2616 671 2684 videtur,
701 2618 749 2671 si
779 2633 882 2669 vos
910 2619 1084 2668 tanto
1114 2630 1295 2680 opere
1327 2614 1480 2666 istuc
1512 2609 1707 2678 voltis,
1739 2607 1856 2664 fiat.

1770 2692 1926 2746 bene
1960 2689 2119 2746 facis.

410 2786 626 2838 merito
644 2788 708 2836 te
727 2799 877 2835 am0.
927 2797 1133 2834 verum
1165 2821 1175 2832 .
1212 2820 1223 2831 .

821 2861 964 2931 qui‘d
988 2862 1010 2915 ?

892 2964 1006 3013 ego
1025 2942 1239 3011 dicam,
1259 2941 1372 2997 hoc
1392 2961 1572 3010 quom
1592 2939 1775 2996 confit
1793 2937 1953 3008 quod
1972 2937 2120 2992 volo,

407 3029 554 3100 quid
582 3047 745 3084 nunc
775 3026 937 3096 quod
968 3026 1200 3081 restat?

865 3110 1064 3176 Hegio
1094 3115 1188 3164 est
1217 3106 1315 3163 hic
1345 3106 1437 3161 his
1468 3113 1758 3175 cognatus
1780 3121 2122 3175 proxumus,

416 3194 532 3252 316

2210 1535 2330 1594 940
