2352 3724
638 208 993 264 PUBLIUS
1038 208 1508 266 TEREN'HUS
1553 210 1770 265 ABER

346 336 408 384 et
430 348 529 384 me
554 327 665 383 hac
689 331 1023 396 suspicione
1051 328 1349 383 exsolvam
1377 337 1439 384 et
1463 329 1578 384 illis
1602 349 1830 384 morem
1854 349 2111 397 gessero,

348 415 473 467 sine
519 431 615 466 me
660 411 906 466 obsecro
951 411 1063 466 hoc
1110 411 1414 481 ecfugere‚
1448 412 1654 480 volgus
1699 412 1859 481 quod
1903 413 2059 469 male
2148 411 2268 470 600

431 494 601 549 audit
629 493 965 549 mulierum.

88 578 239 634 Pam.
347 597 526 646 quam
557 576 897 632 fortunatus
921 579 1139 633 ceteris
1169 596 1300 632 sum
1330 578 1527 647 rebus,
1551 577 1775 646 absque
1805 597 1925 633 una
1956 577 2066 633 hac

435 659 613 729 foret,

349 741 505 799 hanc
523 750 780 798 matrem
798 741 1029 798 habens
1048 742 1255 812 talem,
1275 742 1438 797 illam
1458 750 1661 798 autem
1683 745 1955 799 uxorem!

82 827 171 885 So,
1425 827 1691 894 obsecrO,
1713 831 1793 880 mi
1823 827 2154 898 Pamphile,

351 930 473 966 non
522 916 657 965 tute
708 908 1149 963 incommodam
1200 928 1347 978 rem,
1400 917 1468 965 ut
1518 929 1792 979 quaeque
1843 918 1957 980 est,
2006 915 2069 965 in

437 997 703 1048 animum
734 992 984 1047 induces
1014 992 1178 1061 pati?

335 1080 382 1134 si
403 1085 605 1132 cetera
625 1081 708 1130 ita
728 1083 869 1130 sunt
888 1083 957 1130 ut
978 1079 1063 1130 vis
1082 1079 1286 1143 itaque
1307 1078 1397 1130 uti
1418 1094 1546 1130 esse
1568 1094 1681 1143 ego
1700 1074 1802 1130 illa
1822 1079 2138 1145 existum0‚

351 1164 434 1215 mi
463 1167 670 1229 gnate,
701 1158 778 1214 da
806 1161 889 1213 mi
919 1157 1074 1213 hanc
1105 1162 1363 1227 veniam,
1393 1157 1621 1214 redduc
1651 1157 1829 1212 illam.

91 1246 243 1301 Pam.
1582 1260 1689 1296 vae
1719 1246 1934 1296 misero
1964 1241 2139 1296 mihi!

87 1330 175 1384 So.
353 1333 417 1382 et
446 1325 594 1380 mihi
625 1323 902 1393 quidem3
934 1344 1069 1377 nam
1105 1323 1252 1377 haec
1287 1344 1379 1379 res
1411 1344 1531 1378 non
1564 1328 1758 1379 minus
1791 1345 1885 1379 me
1920 1325 2072 1379 male

438 1409 624 1464 habet
653 1428 832 1476 quam
862 1415 947 1476 te,
976 1416 1162 1474 gnate
1193 1412 1290 1462 mi.

91 1494 303 1550 Laches
353 1491 554 1563 Quem
598 1511 735 1546 cum
779 1493 929 1545 istoc
973 1509 1312 1545 sermonem
1358 1489 1657 1559 habueris,
1687 1488 1893 1559 procul
1933 1489 2074 1545 hinc

96 1580 260 1636 1V.iii
437 1583 601 1631 stans
630 1577 856 1643 accepi,
886 1592 1048 1628 uxor.

355 1664 509 1716 istuc
541 1676 749 1726 sapere
781 1664 894 1725 est,
925 1659 1027 1725 qui
1057 1656 1160 1712 ubi
1190 1675 1492 1726 quomque
1523 1675 1670 1725 opus
1702 1659 1779 1711 sit
1808 1659 2074 1711 animum

438 1746 625 1812 possit
654 1739 913 1795 flectere.

356 1826 517 1898 quod
547 1823 890 1880 faciendum
935 1826 1013 1878 sit
1057 1829 1194 1892 post
1236 1821 1509 1891 fortasse,
1552 1820 1715 1877 idem
1758 1820 1872 1877 hoc
1916 1841 2077 1878 nunc

440 1910 656 1965 fecerit
685 1911 768 1963 sic
798 1906 972 1962 ultrO.

92 1998 181 2052 So,
357 1993 476 2050 fors
507 1992 637 2047 fuat
666 1990 782 2060 pol.

100 2079 308 2135 Laches
661 2074 758 2128 abi
781 2092 878 2128 rus
904 2092 1047 2141 ergo
1069 2072 1243 2128 hinc:
1268 2073 1350 2127 ibi
1375 2091 1488 2141 ego
1510 2078 1575 2129 te
1600 2078 1664 2128 et
1686 2078 1754 2128 tu
1777 2090 1875 2127 me
1900 2071 2071 2127 feres.
2165 2068 2284 2127 610

93 2166 183 2219 So.
357 2178 532 2230 spero
560 2164 871 2213 mecastor.

100 2245 309 2302 Laches
704 2244 719 2294 i
747 2259 889 2307 ergo
915 2242 1072 2293 intro
1096 2245 1160 2293 et
1183 2256 1474 2306 compone
1499 2256 1651 2305 quae
1675 2243 1879 2292 tecum
1903 2235 2076 2291 simul

362 2325 660 2382 ferantur:
692 2323 830 2378 dixi.

95 2416 183 2469 So.
814 2409 898 2460 ita
927 2411 996 2459 ut
1024 2403 1195 2458 iubes
1224 2401 1542 2457 faciam.—

100 2497 254 2553 Pam.
1546 2492 1733 2554 pater.

103 2578 311 2634 Laches
362 2573 508 2645 quid
538 2575 645 2643 vis,
677 2569 1028 2640 Pamphile?

100 2663 248 2717 Pam.
761 2653 903 2709 hinc
933 2653 1097 2707 abire
1126 2651 1421 2707 matrem?
1451 2653 1734 2705 minume.

99 2744 313 2801 Laches
1504 2732 1649 2801 quid
1679 2737 1763 2787 ita
1792 2739 1861 2787 tu
1890 2732 2083 2788 istuc?

109 2829 256 2884 Pam.
364 2828 503 2894 quia
522 2821 600 2878 de
618 2839 803 2877 uxore
822 2823 1088 2874 incertus
1108 2836 1240 2873 sum
1260 2820 1443 2872 etiam
1463 2815 1608 2884 quid
1627 2819 1738 2871 sim
1758 2814 2036 2870 facturus,

106 2910 309 2968 Laches
1872 2897 2017 2967 quid
2036 2897 2164 2952 est?

363 2988 509 3059 quid
539 2990 626 3043 vis
655 2984 854 3042 facere
884 2986 998 3039 nisi
1027 2981 1398 3038 redducere?

104 3079 257 3134 Pam.
1013 3065 1295 3135 equidem
1326 3066 1500 3133 cupio
1531 3069 1595 3119 et
1625 3065 1720 3117 vix
1741 3064 2081 3123 contineor:

369 3161 485 3212 184·
