2404 3704
745 226 985 282 PUBLl
999 229 1095 285 US
1141 229 1610 288 TERENTIUS
1657 233 1873 288 AFER

448 364 624 411 quam
657 344 928 412 gaudeo!
976 347 1078 401 ubi
1111 352 1293 403 etiam
1325 348 1500 404 huius
1530 354 1770 418 generis
1801 351 2079 420 reliquias

447 434 672 482 restare
703 427 899 497 videO,
929 428 1026 498 ah,
1057 435 1257 486 vivere
1290 436 1472 487 etiam
1503 452 1663 488 nunc
1695 433 1879 489 lubet.

446 513 721 578 opperiar
749 510 1057 567 hominem
1087 513 1205 582 hie,
1236 522 1304 570 ut
1334 515 1588 570 salutem
1622 524 1685 572 et
1715 517 2052 586 conloquar.

190 590 370 659 [legio
450 591 559 646 Pro
590 592 647 646 di
683 595 1051 665 inmortales,
1082 595 1312 653 facinus
1343 598 1680 669 indignum,
1715 599 1906 656 Geta!

189 671 359 728 [II.iv
445 676 589 744 quid
622 679 866 732 narras?

188 755 326 811 Geta
869 765 951 816 sic
983 770 1075 817 est
1107 762 1348 819 factum.

187 844 370 914 Hegio
1370 871 1444 907 ex
1475 853 1618 908 illan
1648 853 1872 909 familia

445 943 569 990 tam
600 936 912 992 inliberale
945 937 1173 994 facinus
1205 959 1334 995 esse
1366 942 1598 996 ortum!
1647 942 1970 1012 Aeschine,

443 1024 540 1093 pol
574 1024 733 1080 haud
766 1034 1083 1095 paternum
1115 1031 1268 1083 istuc
1299 1028 1555 1085 dedisti!
2244 1034 2356 1086 450

186 1111 392 1167 Demea
1554 1118 1837 1174 videlieet

444 1201 521 1257 de
553 1202 796 1271 psaltria
828 1203 937 1258 hae
969 1204 1236 1260 audivit:
1268 1205 1329 1261 id
1361 1205 1446 1260 illi
1477 1226 1638 1262 nune
1669 1207 1837 1263 dolet

442 1290 660 1359 alienO,
692 1299 864 1360 pater
895 1296 1021 1348 eius
1053 1293 1157 1347 nili
1191 1294 1420 1362 pendit.
1511 1299 1565 1349 ei
1596 1294 1764 1363 mihi,

447 1400 476 1432 u
492 1383 672 1434 'Anam
696 1379 791 1434 hie
816 1400 1001 1449 prope
1025 1381 1265 1436 adesset
1283 1382 1499 1437 alieubi
1519 1390 1701 1451 atque
1725 1383 1962 1438 audiret
1985 1382 2134 1438 haee
2157 1383 2168 1439 Ξ

182 1467 364 1535 Hegio
439 1471 546 1522 nisi
581 1469 807 1523 facient
837 1489 989 1537 quae
1021 1469 1152 1524 illos
1189 1479 1523 1539 aequomst,
1554 1470 1714 1526 haud
1745 1476 1827 1526 sic
1858 1471 2151 1527 auferent.

179 1554 319 1610 Geta
442 1560 499 1609 in
536 1563 594 1610 te
626 1576 761 1624 spes
792 1561 1003 1625 omnis,
1036 1558 1261 1626 HegiO,
1291 1559 1462 1613 nobis
1492 1563 1698 1614 sitast:

437 1652 500 1699 te
531 1644 721 1699 solum
752 1644 1063 1715 habemus,
1094 1653 1160 1701 tu
1193 1666 1256 1702 es
1285 1653 1592 1716 patronus,
1622 1654 1688 1702 tu
1720 1654 1928 1716 pater:

438 1732 538 1787 ille
570 1733 681 1788 tibi
711 1737 971 1789 moriens
1001 1754 1109 1790 nos
1140 1734 1584 1791 commendavit
1613 1754 1835 1791 senex:

435 1826 483 1877 si
513 1821 738 1878 deseris
767 1830 856 1892 tu,
887 1827 1184 1892 periimus.

176 1909 358 1979 Hegio
1188 1932 1329 1967 eave
1359 1912 1614 1969 dixeris:

434 2020 632 2068 neque
663 1999 878 2055 faciam
907 2020 1106 2069 neque
1136 2021 1234 2056 me
1265 2005 1407 2056 satis
1438 2005 1536 2070 pie
1567 2020 1740 2070 posse
1772 2002 2026 2056 arbitror

172 2087 381 2142 Demea
432 2088 625 2143 adibo,
674 2088 901 2144 salvere
936 2089 1283 2157 Hegionem
1315 2088 1638 2158 plurimum
2237 2085 2355 2143 460

432 2178 623 2231 iubeo,

171 2263 355 2333 Hegio
606 2264 705 2333 oh,
738 2271 799 2320 te
830 2265 1192 2334 quaerebam
1223 2268 1418 2333 ipsum
1443 2283 1455 2319 ε
1486 2264 1667 2333 salve,
1701 2263 1947 2321 Demea.

175 2352 379 2408 Demea
430 2353 572 2422 quid
604 2354 852 2409 autem?

170 2441 352 2510 Hegio
850 2445 1038 2497 maior
1065 2441 1218 2497 filius
1247 2449 1382 2497 tuos
1413 2441 1770 2510 Aeschinus,

428 2551 610 2600 quem
638 2530 808 2586 fratri
836 2530 1247 2599 adoptandum
1277 2530 1519 2599 dedisti,
1550 2548 1747 2598 neque
1778 2529 1919 2584 boni

426 2639 625 2688 neque
655 2619 916 2675 liberalis
948 2618 1191 2674 functus
1222 2618 1538 2673 officiumst
1567 2621 1692 2674 viri.

171 2706 375 2764 Demea
425 2708 571 2777 quid
600 2712 754 2764 istuc
785 2708 922 2764 est?

166 2796 347 2866 Hegio
929 2802 1201 2851 nostrum
1229 2798 1487 2850 amicum
1516 2813 1690 2850 noras
1720 2792 2014 2851 Simulum

419 2885 734 2955 aequalem
754 2885 777 2941 ?

166 2973 368 3028 Demea
772 2971 915 3042 quid
947 2972 1052 3027 ni?

163 3061 339 3130 Hegio
1047 3059 1226 3114 filiam
1259 3062 1385 3114 eius
1415 3060 1708 3127 virginem

416 3160 534 3219 264
