2352 3724
677 233 921 290 PUBLI
935 234 1031 290 US
1076 234 1437 290 TEREN'H
1452 237 1547 293 US
1593 237 1810 292 AFER

381 369 624 419 aegram
654 370 784 407 esse
815 352 1101 408 simulant
1129 353 1460 410 mulierem.
1551 361 1756 410 nostra
1783 355 1921 410 ilico

382 437 432 489 it
460 437 652 490 visere
682 434 759 489 ad
790 454 953 491 eam:
982 436 1225 493 admisit
1253 456 1448 492 nemo,
1538 436 1653 493 hoc
1681 439 1786 494 ubi
1815 457 2001 495 senex

383 520 643 587 rescivit,
672 516 804 573 heri
834 537 906 573 ea
934 537 1110 575 causa
1138 539 1276 576 rure
1306 519 1424 575 huc
1454 519 1722 591 advenit,
2197 527 2308 586 190

382 607 617 669 patrem
646 604 934 657 continuo
963 606 1248 659 convenit
1279 602 1687 660 Philumenae.

381 682 527 752 quid
557 687 797 752 egerint
825 688 987 740 inter
1015 705 1080 742 se
1109 705 1233 741 non
1263 685 1408 741 dum
1440 691 1623 742 etiam
1653 691 1804 755 scio;

382 770 497 822 nisi
526 786 669 822 sane
701 775 938 823 curaest
967 788 1251 838 quorsum
1282 777 1641 826 eventurum
1670 770 1784 826 hoc
1814 774 1945 827 siet.

382 849 569 906 habes
599 869 842 906 omnem
871 870 1030 908 rem:
1059 871 1308 922 pergam
1338 872 1456 921 quo
1487 857 1658 923 coepi
1687 853 1801 909 hoc
1831 858 1962 909 iter.

123 931 298 991 Philo.
385 940 450 989 et
480 933 727 1003 quidem
758 952 872 1002 ego
889 953 903 1001 ;
933 954 1074 990 nam
1104 939 1391 991 constitui
1421 955 1558 991 cum
1588 937 1848 1006 quodam
1877 936 2115 1007 hospite

381 1035 479 1072 me
511 1036 640 1072 esse
672 1016 843 1072 illum
875 1025 1324 1074 conventuram.

122 1099 252 1155 Par.
1329 1101 1391 1158 di
1421 1109 1662 1158 vortant
1693 1103 1849 1159 bene

383 1182 543 1251 quod
575 1183 744 1251 agas!

123 1265 298 1322 Philo.
749 1266 897 1322 vale.

122 1348 250 1405 Par.
915 1357 980 1406 et
1009 1358 1075 1407 tu
1108 1351 1265 1407 bene
1297 1351 1447 1420 vale,
1484 1351 1824 1408 Philotium.

1059 1516 1318 1575 ACTVS
1365 1517 1425 1572 II

120 1683 332 1740 Laches
386 1683 497 1738 Pro
528 1682 710 1738 deum
742 1682 922 1738 fidem
963 1690 1145 1752 atque
1186 1683 1519 1754 hominum,
1549 1684 1711 1754 quod
1754 1683 1867 1740 hoc
1910 1705 2103 1754 genus

464 1773 575 1834 est,
608 1785 761 1835 quae
792 1766 941 1821 haec
972 1767 1389 1823 coniuratiost!

382 1853 516 1905 utin
547 1868 755 1904 omnes
784 1849 1067 1905 mulieres
1098 1849 1312 1906 eadem
1340 1869 1532 1920 aeque
1563 1850 1851 1907 studeant
1879 1851 2100 1906 nolint-

467 1952 584 2001 que
622 1936 821 1986 omnia

383 2035 583 2084 neque
603 2015 968 2070 declinatam
987 2019 1307 2085 quicquam
1325 2016 1401 2071 ab
1420 2016 1670 2072 aliarum
1688 2020 1933 2087 ingenio
1952 2016 2134 2071 ullam
2194 2022 2312 2071 200

469 2098 761 2167 reperias!

385 2185 590 2249 itaque
619 2180 772 2235 adeo
802 2200 923 2236 uno
952 2185 1152 2236 animo
1182 2201 1389 2237 omnes
1422 2200 1622 2238 socrus
1653 2181 1931 2248 oderunt„
1963 2182 2102 2238 ode-

469 2271 612 2318 runt
641 2283 840 2318 nuruS.

383 2350 522 2403 viris
559 2366 688 2402 esse
725 2346 1002 2402 advorsas
1047 2366 1239 2415 aeque
1285 2346 1629 2416 studiumst‚
1668 2347 1874 2403 similis
1920 2351 2103 2417 perti-

468 2433 715 2498 naciast,

385 2517 449 2568 in
480 2512 815 2582 eodemque
846 2531 1055 2569 omnes
1085 2512 1233 2568 mihi
1270 2512 1553 2568 videntur
1588 2511 1732 2569 ludo
1771 2511 1985 2569 doctae
2025 2512 2101 2569 ad

467 2595 789 2651 malitiam:

386 2681 443 2736 ei
491 2678 655 2747 ludo,
707 2681 755 2734 si
807 2677 964 2734 ullus
1015 2685 1127 2747 est,
1178 2681 1526 2747 magistram
1575 2677 1732 2734 hanc
1782 2697 1913 2735 esse
1960 2682 2102 2736 satis

467 2769 634 2818 certo
662 2764 799 2817 scio·

118 2846 208 2903 So.
381 2864 480 2901 me
499 2848 796 2912 miseram,
817 2863 970 2913 quae
989 2862 1151 2899 nunc
1171 2862 1349 2912 quam
1369 2843 1446 2899 ob
1465 2863 1591 2900 rem
1611 2862 1855 2901 accuser
1871 2846 2089 2900 nescio.

124 2927 332 2984 Laches
2019 2925 2181 2997 hem,

384 3018 451 3067 tu
481 3009 715 3066 nescis?

115 3096 205 3154 So.
720 3110 863 3161 non,
893 3094 978 3147 ita
1006 3111 1104 3148 me
1135 3090 1195 3147 di
1226 3092 1384 3148 bene
1412 3099 1639 3159 ament,
1669 3094 1752 3146 mi
1788 3090 2033 3159 Laches¹

390 3182 502 3231 142
