2352 3724
139 382 298 439 Phae.

137 807 175 859 «1
186 804 277 860 nti.

135 893 302 950 Phae.

137 1146 279 1202 Geta

137 1234 280 1291 Anti.

137 1324 278 1379 Gefa

138 1413 179 1468 Α
189 1410 284 1468 nti.

142 1665 283 1720 Geta

139 1832 184 1887 A
193 1831 287 1887 nti.

144 1923 285 1976 Gula

146 2011 309 2067 I’lzae.

145 2101 287 2155 Geta

146 2188 312 2245 Phae.

146 2278 288 2333 Geta

149 2367 312 2422 Phae.

146 2456 289 2511 Geta

154 2545 314 2600 Phae.

151 2633 289 2691 Geta

153 2882 290 2939 Anti.

145 3129 288 3187 Geta

689 260 1045 320 PUBLIUS
1090 262 1562 323 TERENTIUS
1608 266 1825 322 AFER

390 382 541 440 alius
559 384 635 439 ab
654 381 840 439 oculis
859 385 1009 438 meis
1029 381 1195 438 illam
1214 387 1277 438 in
1297 387 1575 454 ignotum
1594 385 1857 442 abducet
1878 386 2113 445 locum?

479 467 651 522 hem:

398 556 528 604 tum
574 553 778 620 igitur,
827 550 972 606 dum
1019 550 1165 608 licet
1211 550 1477 621 dumque
1524 551 1754 622 adsum,
1801 551 2115 623 loquimini

481 652 735 701 mecum,
768 632 1061 703 Antipho,

396 716 887 784 contemplamini
922 736 1032 772 me.

640 824 818 873 quam
841 805 917 859 ob
940 805 1104 859 rem?
1142 813 1248 861 aut
1272 806 1558 875 quidnam
1582 806 1903 864 facturu’s?
1942 808 2104 863 cedo,

397 913 636 964 quoquo
672 892 814 947 hinc
849 893 1252 962 asportabitur
1294 902 1610 965 terrarum,
1647 903 1949 951 certumst·
1979 915 2112 964 per-

483 997 651 1045 sequ1

399 1068 504 1116 aut
537 1063 746 1128 perire.

535 1144 595 1197 di
617 1144 770 1198 bene
786 1151 1026 1200 vortant
1046 1146 1205 1214 quod
1226 1148 1394 1213 agas!
1428 1147 1871 1217 pedetemptim
1890 1153 2111 1202 tamen.

406 1230 540 1286 vide
565 1234 613 1286 si
644 1231 788 1300 quid
819 1237 946 1302 opis
977 1241 1149 1302 potes
1180 1235 1416 1290 adferre
1447 1235 1602 1291 huie.

1283 1308 1381 1379 “si
1411 1323 1640 1392 quid?''
1686 1323 1871 1393 quid?

1596 1431 1816 1480 quaere
1848 1416 2111 1480 obsecm,

401 1516 481 1554 ne
519 1497 661 1566 quid
699 1497 832 1567 plus
871 1499 1144 1551 minusve
1182 1494 1331 1550 faxit
1368 1493 1528 1563 quod
1567 1513 1675 1550 nos
1715 1502 1851 1563 post
1888 1499 2112 1563 pigeat,

491 1582 663 1636 Geta.

405 1684 654 1733 quaero:
701 1662 889 1717 salvos
931 1669 1042 1728 est,
1074 1669 1143 1717 ut
1182 1665 1422 1730 opinor;
1466 1681 1673 1717 verum
1710 1665 1871 1717 enim
1910 1667 2116 1715 metuo

488 1747 728 1801 malum.

409 1830 533 1885 noli
562 1836 866 1884 metuere:
914 1847 1031 1883 una
1059 1833 1264 1883 tecum
1291 1827 1450 1883 bona
1478 1827 1634 1882 mala
1661 1826 2061 1882 tolerabimus.

406 1925 700 1987 quantum
728 1918 840 1973 tibi
870 1923 1048 1985 opust
1076 1916 1322 1985 loquere
1351 1919 1605 1984 argenti.

1432 2003 1591 2059 solae
1621 2006 1872 2072 triginta
1899 2005 2113 2058 minae.

407 2096 695 2166 triginta?
741 2094 865 2164 hui,
897 2101 1217 2165 percarast,
1252 2092 1559 2148 Phaedria.

1461 2184 1646 2235 istaec
1677 2197 1816 2234 vero
1846 2177 1976 2232 vilis
2006 2183 2115 2234 est.

407 2293 521 2342 age
545 2292 676 2341 age,
698 2276 973 2328 inventas
996 2270 1261 2327 reddam.

985 2378 1021 2415 o
1043 2359 1342 2428 lepidum!

1243 2445 1414 2501 aufer
1437 2453 1499 2502 te
1522 2445 1679 2502 hine.

1565 2539 1680 2589 iam
1705 2541 1897 2604 opust.

1778 2626 1895 2677 iam
1918 2620 2104 2677 feres:

408 2713 515 2770 sed
579 2730 727 2781 opus
791 2717 885 2766 est
946 2709 1094 2764 mihi
1162 2706 1583 2764 Phormionem
1639 2704 1718 2762 ad
1779 2704 1934 2759 hanc
1991 2724 2119 2759 rem

490 2796 828 2852 adiutorem
857 2792 1000 2848 dari.

408 2884 735 2950 praestost:
816 2875 1227 2931 audacissume
1299 2876 1497 2928 oneris
1569 2870 1801 2940 quidvis
1872 2873 2115 2939 inpone,

491 2960 752 3025 ecferet3

406 3044 564 3101 solus
595 3050 689 3098 est
716 3041 897 3096 homo
925 3043 1117 3096 amico
1145 3043 1385 3094 amicus,

1250 3139 1453 3177 eamus
1485 3138 1628 3188 ergo
1657 3117 1734 3174 ad
1765 3137 1903 3174 eum
1933 3121 2110 3173 ocius,

406 3208 483 3269 64

2204 725 2318 775 550

2209 2783 2326 2842 560
