2352 3724
656 229 1009 286 PUBLIUS
1054 230 1523 290 TERENTIUS
1572 235 1786 289 AFER

363 351 650 405 monitor!

102 431 243 487 Geta
496 437 592 488 vix
623 433 889 490 tandem.

102 514 278 570 Demi.
619 516 765 585 quid
783 517 929 572 mihi
952 517 1160 574 dicent
1178 527 1283 574 aut
1303 540 1481 588 quam
1495 540 1731 576 causam
1745 524 2089 592 reperient?

363 598 639 655 demiror.

102 679 243 736 Geta
599 687 766 752 atqui
799 688 1123 753 reperiam:
1169 683 1330 740 aliud
1363 705 1516 742 cura.

101 764 281 820 Demi.
1451 790 1527 824 an
1558 769 1671 825 hoc
1703 770 1867 827 dicet
1896 771 2076 828 mihi:

363 833 644 904 “invitus
675 849 808 905 feci.
885 850 983 905 lex
1016 851 1303 919 coegit''?
1348 852 1546 922 audi0,
1577 852 1783 909 fateor.

104 930 246 987 Geta
1817 937 2032 1006 places.

103 1014 281 1070 Demi.
367 1034 574 1070 verum
587 1019 901 1084 scientem,
914 1020 1186 1085 tacitum,
1202 1037 1438 1073 causam
1451 1018 1691 1074 tradere
1709 1019 2079 1090 advorsariis,

368 1103 632 1154 etiamne
664 1099 725 1154 id
757 1099 853 1155 lex
887 1102 1125 1168 coegit?

102 1180 271 1237 Phae.
1054 1183 1204 1238 illud
1234 1183 1466 1239 durum.

105 1263 247 1319 Geta
1393 1287 1506 1336 ego
1538 1268 1883 1338 expediam:
1929 1273 2072 1325 sine.

105 1347 282 1402 Demi.
367 1352 724 1404 incertumst
771 1349 915 1418 quid
962 1370 1157 1419 agam,
1203 1354 1341 1418 quia
1389 1358 1628 1420 praeter
1678 1371 1846 1421 spem
1896 1360 2079 1422 atque

450 1432 803 1488 incredibile
835 1432 948 1488 hoc
979 1437 1061 1488 mi
1092 1434 1344 1502 obtigit:

367 1519 452 1570 ita
481 1534 613 1571 sum
641 1519 940 1584 inritatUS,
971 1520 1239 1572 animum
1268 1524 1337 1572 ut
1367 1536 1666 1587 nequeam
1695 1517 1773 1573 ad
1810 1522 2078 1587 cogitan-
2166 1523 2282 1574 240

448 1597 593 1654 dum
621 1602 956 1656 instituere.

367 1702 547 1750 quam
576 1682 653 1737 ob
682 1702 811 1738 rem
840 1687 1052 1752 omniS,
1083 1703 1264 1752 quom
1305 1683 1604 1740 secundae
1645 1703 1739 1740 res
1779 1691 1921 1740 sunt
1951 1704 2073 1738 ma-

434 1784 634 1835 xume,
664 1773 796 1821 tum
824 1785 1104 1822 maxume

370 1848 647 1904 meditari
677 1867 882 1904 secum
904 1857 1145 1919 oportet
1169 1869 1287 1918 quo
1310 1849 1821 1919 pactoradvorsam
1844 1870 2049 1906 aerum

449 1951 590 1987 nam
617 1930 846 1988 ferant:

368 2015 609 2084 pericla,
667 2015 905 2084 damna,
964 2035 1217 2085 peregre
1277 2016 1516 2071 rediens
1574 2035 1812 2085 semper
1875 2035 2078 2072 secum

451 2102 700 2168 cogitet,

367 2189 472 2237 aut
490 2181 571 2236 fili
591 2188 907 2251 peccatum
925 2189 1030 2237 aut
1048 2186 1246 2237 uxoris
1265 2189 1523 2237 mortem
1541 2189 1647 2237 aut
1663 2183 1938 2238 morbum
1957 2181 2111 2238 filiae
2129 2201 2143 2251 ;

367 2269 707 2320 communia
736 2284 865 2321 esse
897 2265 1067 2334 haec,
1098 2265 1223 2321 fieri
1265 2284 1436 2334 posse
1478 2272 1548 2320 ut
1587 2284 1665 2320 ne
1703 2264 1847 2333 quid
1876 2268 2076 2320 animo

450 2352 528 2404 sit
557 2368 804 2415 novom3

366 2431 659 2500 quidquid
696 2439 935 2500 praeter
969 2450 1138 2501 spem
1176 2435 1436 2499 eveniat,
1466 2449 1644 2486 omne
1681 2429 1742 2485 id
1778 2429 2072 2499 deputare

448 2534 577 2570 esse
608 2519 671 2568 in
699 2514 882 2571 lucro·

106 2597 244 2652 Geta
363 2618 399 2653 o
461 2597 772 2667 Phaedria,
822 2597 1175 2653 incredibile
1235 2603 1527 2665 quantum
1585 2615 1754 2652 erum
1805 2603 1947 2651 ante
2000 2615 2072 2651 eo

446 2684 756 2750 sapientia.

346 2764 638 2819 meditata
666 2762 815 2819 mihi
843 2770 987 2819 sunt
1016 2766 1216 2819 omnia
1245 2782 1379 2818 mea
1420 2760 1814 2829 incommoda,
1846 2779 1980 2816 erus
2021 2763 2076 2817 si'

445 2847 723 2903 redierit:

360 2928 709 2986 molendum
728 2932 999 2998 usquein
1018 2931 1290 2998 pistrin0‚
1308 2926 1733 2997 vapulandum,
1751 2924 2066 2982 habendae

439 3012 782 3082 compedeS‚

353 3183 431 3234 30
