2352 3724
143 524 291 581 Anti.

144 608 288 663 Geta

141 690 188 746 A
196 690 289 747 nti.

146 774 287 829 Geta

141 940 187 994 A
197 939 288 995 nti.

144 1022 287 1078 Geta

142 1105 307 1161 Phor.

146 1189 288 1245 Geta

140 1522 289 1579 Anti.

145 1605 287 1662 Geta

701 240 1057 300 PUBLIUS
1101 243 1572 302 TERENTIUS
1618 246 1835 302 AFER

411 358 640 416 facinus
704 361 935 417 audivi:
1007 366 1212 432 itaque
1272 383 1465 434 paene
1530 363 1734 422 hercle
1799 365 2120 422 exclamavi
2213 372 2347 429 87oe

490 442 726 510 gaudio,

412 525 611 594 quod?

569 609 873 677 quodnam
902 612 1232 669 arbitrare?

1199 701 1416 753 nesci0.

1387 785 1554 850 atqui
1578 781 2105 840 mirificissumum:

406 864 650 926 patruos
681 865 818 915 tuos
848 867 942 916 est
971 868 1146 929 pater
1175 865 1457 920 inventus
1492 864 1719 920 Phanio
1748 871 1917 921 uxori
1946 874 2102 922 tuae.

408 941 551 1009 quid
584 942 705 995 ais?

467 1044 603 1079 cum
617 1029 743 1080 eius
757 1031 1068 1081 consuevit
1081 1026 1223 1082 olim
1237 1036 1429 1084 matre
1443 1032 1505 1083 in
1521 1029 1752 1085 Lemno
1766 1031 2119 1086 clanculum.

407 1111 736 1163 somnium:
781 1113 952 1164 utine
984 1108 1133 1165 haec
1165 1114 1471 1179 ignoraret
1501 1132 1669 1168 suom
1701 1115 1973 1182 patrem?

1622 1195 1848 1265 aliquid
1873 1196 2120 1266 creditO,

411 1272 708 1342 Phormi0‚
741 1293 871 1330 esse
903 1294 1131 1332 causae.
1222 1276 1329 1333 sed
1353 1297 1450 1333 me
1477 1298 1698 1334 censen
1722 1283 1987 1348 potuisse
2011 1284 2210 1335 omnia

406 1356 767 1424 intellegere
799 1365 969 1413 extra
999 1363 1237 1428 ostium,
1269 1364 1432 1416 intus
1464 1381 1617 1430 quae
1647 1365 1807 1418 inter
1846 1382 1976 1419 sese
2017 1367 2127 1432 ipsi

489 1441 766 1508 egerint?

407 1530 590 1591 atque
615 1543 729 1592 ego
749 1544 987 1593 quoque
1012 1525 1278 1580 inaudivi
1300 1525 1505 1582 hercle
1528 1526 1693 1582 illam
1712 1526 1991 1583 fabulam.

1557 1613 1741 1666 immo
1765 1615 1948 1667 etiam
1972 1611 2127 1667 dabo

406 1709 525 1758 quo
554 1693 744 1759 magis
775 1690 1012 1746 credas:
1059 1699 1300 1760 patruos
1342 1696 1576 1748 interea
1618 1693 1761 1749 inde
1805 1693 1923 1750 huc
1955 1714 2124 1764 egre-

488 1772 653 1828 ditur
681 1772 866 1829 foras:

405 1855 566 1911 haud
603 1856 795 1912 multo
831 1865 968 1926 post
1008 1877 1144 1913 cum
1185 1866 1356 1927 patre
1397 1858 1560 1914 idem
1602 1863 1818 1929 recipit
1860 1879 1923 1916 se
1968 1863 2126 1916 intro

488 1939 719 1994 denuo:

402 2026 489 2078 ait
517 2030 773 2092 uterque
803 2024 915 2080 tibi
947 2031 1314 2092 potestatem
1346 2028 1472 2080 eius
1503 2024 1883 2080 adhibendae
1914 2025 2057 2081 dari.

403 2105 667 2174 denique
713 2125 827 2174 ego
870 2125 1002 2162 sum
1046 2111 1276 2175 missus,
1310 2114 1372 2163 te
1417 2115 1487 2163 ut
1530 2112 1898 2177 requirerem
1941 2116 2123 2177 atque

486 2188 867 2244 adducerem.

404 2275 551 2341 quin
581 2291 727 2340 ergo
756 2291 899 2341 rape
928 2289 1061 2329 me:
1096 2272 1241 2341 quid
1272 2274 1503 2329 cessas?

2214 2031 2346 2082 880)

1449 2355 1665 2413 fecero,

1644 2459 1680 2495 o
1709 2444 1790 2495 mi
1825 2439 2125 2512 PhormiO,

400 2521 542 2577 vale.

486 2605 637 2674 vale,
658 2604 950 2675 Antipho.
1000 2605 1177 2674 bene,
1196 2610 1282 2661 ita
1300 2625 1397 2661 me
1418 2605 1476 2661 di
1499 2613 1724 2674 ament,
1746 2605 1971 2660 factum
1991 2625 2004 2661 ε
2023 2605 2275 2674 gaudeo,

398 2687 654 2743 Tantam
687 2688 992 2744 fortunam
1023 2689 1100 2745 de
1132 2693 1431 2759 inproviso
1463 2708 1593 2745 esse
1624 2688 1716 2744 his
1747 2688 1979 2744 datam!

401 2790 633 2827 summa
662 2771 951 2827 eludendi
982 2775 1271 2827 occasiost
1298 2771 1447 2827 mihi
1478 2791 1640 2827 nunc
1671 2791 1846 2828 senes

402 2861 467 2910 et
498 2853 828 2910 Phaedriae
861 2874 1064 2910 curam
1093 2854 1360 2911 adimere
1390 2858 1812 2922 argentariam,

403 2956 481 2993 ne
513 2941 834 3006 quoiquam
866 2957 1109 2993 suorum
1138 2937 1479 3006 aequalium
1511 2937 1763 3006 supplex
1795 2941 1926 2993 siet.

398 3039 539 3075 nam
568 3019 733 3076 idem
763 3020 876 3075 hoc
912 3027 1254 3089 argentum,
1285 3023 1371 3075 ita
1399 3026 1470 3075 ut
1498 3019 1785 3087 datumst,
1817 3023 2089 3088 ingratiis

400 3106 454 3158 ei
486 3102 697 3157 datum
728 3107 873 3158 erit:
905 3102 1019 3157 hoc
1051 3106 1149 3171 qui
1185 3122 1414 3170 cogam,
1446 3121 1656 3170 reapse
1688 3106 1943 3171 repperi.

429 3193 538 3238 100

2270 3661 2352 3724 Μ’
