2352 3724
638 218 994 280 PUBLIUS
1039 222 1314 280 TEREN
1319 224 1400 280 TI
1410 223 1510 281 US
1556 223 1774 279 AFER

82 334 231 394 Nau.
342 357 450 407 pro
480 336 542 394 di
573 339 940 407 inmortaleS,
961 338 1191 395 facinus
1221 339 1628 395 miserandum
1661 347 1724 395 et
1752 338 2006 395 malum'

81 419 248 476 Phor.
342 420 454 475 hoc
484 428 761 477 actumst.

78 501 229 562 Nau.
734 523 812 559 an
843 509 1161 573 quicquam
1192 504 1434 561 hodiest
1463 505 1692 561 factum
1722 505 2067 573 indignius?

345 589 449 656 qui
478 590 581 655 mi,
611 587 715 642 ubi
744 587 822 642 ad
853 607 1066 643 uxores
1097 596 1425 658 ventumst,
1456 596 1588 643 tum
1619 588 1772 644 fiunt
1802 608 1992 644 senes.
2118 595 2272 643 1010

346 668 671 739 Demipho,
704 677 768 726 te
799 670 1069 739 appello:
1100 690 1241 725 nam
1272 690 1409 727 cum
1439 670 1554 726 hoc
1594 675 1724 741 ipso
1764 671 2067 727 distaedet

424 752 619 822 loqui:

342 834 594 892 haecine
625 843 799 892 erant
828 840 1047 892 itiones
1079 838 1323 893 crebrae
1352 844 1418 892 et
1446 841 1786 893 mansiones
1816 836 2086 893 diutinae

343 918 597 975 Lemni?
627 919 880 976 haecine
905 927 1035 975 erat
1057 939 1128 975 ea
1151 940 1303 989 quae
1327 927 1562 976 nostros
1585 924 1804 976 minuit
1833 920 2063 976 fructus

423 1003 657 1058 vilitas?

78 1084 258 1143 Demi.
348 1105 481 1154 eg0,
521 1086 913 1154 Nausistrata,
952 1105 1083 1142 esse
1125 1089 1190 1141 in
1233 1085 1346 1142 hac
1389 1106 1455 1142 re
1500 1086 1738 1156 culpam
1780 1090 2064 1142 meritum

425 1188 548 1224 non
578 1188 768 1238 nego;

344 1251 452 1308 sed
483 1271 554 1307 ea
583 1256 730 1321 quin
761 1255 840 1310 sit
869 1252 1277 1320 ignoscenda?

77 1334 246 1392 Phor.
1278 1336 1460 1392 verba
1491 1336 1643 1392 fiunt
1672 1345 1924 1393 mortu0.

79 1418 259 1474 Demi.
346 1439 486 1474 nam
508 1437 708 1487 neque
732 1418 1119 1486 neclegentia
1143 1426 1248 1474 tua
1278 1439 1477 1488 neque
1502 1420 1638 1475 odio
1669 1421 1730 1475 id
1762 1420 1907 1476 fecit
1938 1427 2058 1476 tuo.

344 1501 687 1558 vinolentus
717 1501 844 1558 fere
875 1502 1095 1558 abhinc
1126 1522 1314 1558 annos
1344 1502 1690 1571 quindecim
1719 1504 2128 1559 mulierculam

343 1605 474 1641 eam
506 1589 875 1655 compressit,
907 1585 1071 1641 unde
1112 1585 1261 1641 haec
1307 1593 1536 1649 natast:
1579 1606 1778 1655 neque
1823 1586 2060 1656 postilla

423 1689 708 1737 umquam
736 1673 958 1737 attigit,

343 1771 412 1807 ea
441 1759 699 1806 mortem
729 1753 908 1815 obiit;
941 1771 973 1807 e
1004 1752 1205 1808 medio
1247 1753 1413 1821 abiit,
1447 1755 1550 1822 qui
1580 1751 1698 1808 fuit
1737 1756 1800 1807 in
1842 1772 1906 1808 re
1948 1752 2057 1807 hac

424 1835 749 1904 scrupulus.

342 1938 519 1987 quam
550 1919 627 1973 ob
655 1937 784 1974 rem
815 1925 878 1973 te
910 1938 1030 1987 or0,
1063 1925 1133 1973 ut
1172 1917 1286 1973 alia
1326 1917 1486 1974 facta
1528 1925 1633 1973 tua
1677 1925 1836 1987 sunt,
1869 1938 2058 1987 aequo
2114 1925 2264 1973 1020

425 2005 622 2056 animo
650 2000 764 2056 hoc
794 2001 965 2057 feras,

77 2083 222 2141 Nau.
338 2084 480 2154 quid
514 2103 628 2152 ego
657 2104 849 2153 aequo
879 2086 1116 2140 animo?
1149 2088 1324 2153 cupio
1354 2089 1571 2140 misera
1600 2088 1662 2139 in
1695 2084 1806 2139 hac
1843 2105 1906 2140 re
1944 2089 2061 2140 iam

423 2166 773 2235 defungier;

339 2250 446 2306 sed
479 2254 580 2318 qui
609 2250 672 2306 id
701 2251 977 2320 sperem?
1021 2257 1223 2306 aetate
1249 2270 1423 2320 porro
1446 2254 1643 2306 minus
1670 2257 2057 2320 peccaturum

422 2334 670 2402 putem?

338 2426 455 2472 iam
486 2423 618 2472 tum
648 2424 778 2472 erat
807 2435 1011 2484 senex,
1045 2424 1324 2472 senectus
1355 2420 1403 2472 si
1434 2416 1803 2472 verecundos
1837 2417 1995 2472 facit.

336 2519 413 2554 an
443 2518 579 2555 mea
606 2499 796 2554 forma
825 2507 1008 2568 atque
1039 2507 1203 2555 aetas
1228 2503 1417 2568 magis
1441 2519 1603 2554 nunc
1630 2499 2048 2569 expetendast,

424 2581 766 2652 Demipho?

339 2665 484 2734 quid
522 2669 605 2721 mi
647 2665 745 2720 hic
789 2664 1008 2734 adfers,
1039 2685 1219 2734 quam
1265 2666 1340 2720 ob
1385 2684 1511 2720 rem
1558 2673 1904 2735 exspectem
1946 2671 2052 2722 aut

360 2774 362 2776 ’
421 2768 656 2817 sperem
686 2766 860 2818 porro
890 2768 1012 2803 non
1043 2748 1209 2804 fore?

77 2828 238 2888 Phor.
340 2836 649 2900 exsequias
681 2831 989 2887 Chremeti
1019 2832 1233 2900 quibus
1271 2838 1364 2886 est
1399 2830 1779 2887 commodum
1815 2835 1920 2899 ire,
1954 2851 2046 2886 em

419 2922 660 2984 tempus
690 2921 799 2971 est.
1212 2960 1214 2962 .

334 3006 417 3053 sic
441 2995 625 3052 dabo:
655 3015 768 3066 age
790 3016 971 3065 nunc,
995 2996 1417 3052 Phormionem
1441 2999 1543 3065 qui
1562 2995 1724 3051 volet
1741 2996 2044 3051 lacessito:

335 3078 471 3134 faxo
500 3079 603 3134 tali
637 3083 716 3135 sit
742 3086 1044 3135 mactatus
1070 3078 1399 3134 infortunio
1428 3085 1611 3146 atque
1640 3077 1738 3132 hic
1768 3085 1876 3133 est.

341 3169 364 3215 l
383 3169 454 3216 14
