2430 3710
686 245 1043 304 PUBLIUS
1087 246 1559 304 TERENTIUS
1603 246 1822 303 AFER

603 332 699 380 ηας
737 329 869 366 ὀργῇ
895 319 1101 363 m'maw-
1285 344 1300 361 .

389 386 536 423 num
567 366 712 436 quid
742 370 830 423 vis
860 371 1006 436 quin
1036 367 1293 422 abeam?

124 449 332 509 Sannio
1092 454 1276 505 immo
1299 450 1503 506 hercle
1527 449 1641 505 hoc
1665 469 1903 519 quaes0,
1926 449 2105 518 Syre:

58 537 344 600 ,ςψμχοΜ
391 539 532 588 utut
560 531 711 588 haec
741 539 884 589 sunt
911 539 1064 602 acta,
1095 537 1295 603 potius
1325 553 1504 602 quam
1533 532 1657 589 litis
1687 553 1918 602 sequar,

165 615 286 660 Μ’
391 635 596 672 meum
624 614 774 671 mihi
802 615 1111 685 reddatur,
1142 615 1359 672 saltem
1387 620 1598 685 quanti
1629 623 1910 685 emptast,
1935 615 2100 684 Syre.

391 703 513 755 scio
541 706 605 755 te
635 698 895 755 antehac
924 718 1048 754 non
1078 718 1208 756 esse
1237 718 1412 756 usum
1441 703 1703 754 amicitia
1732 718 1867 755 mea
1890 718 1903 755 ε
2160 729 2162 731 ·
2195 702 2313 753 250

390 802 721 838 memorem
749 802 847 838 me
879 782 1043 838 dices
1074 801 1204 839 esse
1236 789 1300 838 et
1328 790 1583 851 gratum.

126 867 298 935 Syrus
1588 864 1798 920 sedulo

391 947 621 1004 faciam.
712 947 819 1004 sed
851 948 1281 1018 Ctesiphonem
1312 947 1524 1004 video:
1567 947 1762 1004 laetus
1793 953 1888 1004 est

391 1031 469 1088 de
500 1035 703 1088 amica.

126 1114 333 1171 Sannio
709 1114 855 1184 quid
887 1114 1047 1184 quod
1076 1121 1140 1170 te
1170 1115 1317 1170 oro?

126 1198 298 1268 Syrus
1323 1197 1625 1268 paulisper
1653 1216 1846 1253 mane.

131 1280 240 1337 Cle.
397 1280 519 1337 Abs
569 1284 760 1350 quivis
818 1279 1078 1350 homine,
1135 1300 1318 1350 quom
1375 1288 1470 1337 est
1526 1300 1693 1350 opus,
1747 1280 2104 1336 beneficium

134 1364 275 1419 II.iii
472 1367 745 1434 accipere
775 1363 1076 1432 gaudeas3

391 1466 601 1504 verum
620 1452 782 1503 enim
804 1467 942 1502 vero
965 1447 1028 1503 id
1047 1447 1293 1502 demum
1316 1451 1499 1516 iuvat,
1521 1450 1569 1503 si
1588 1466 1769 1516 quem
1792 1452 2107 1515 aequomst

473 1529 672 1587 facere
702 1534 750 1586 is
782 1531 939 1586 bene
969 1529 1129 1586 facit.

392 1634 427 1670 o
446 1612 633 1670 frater
651 1612 856 1682 frater,
876 1613 1023 1683 quid
1046 1632 1160 1682 ego
1182 1632 1344 1668 nunc
1367 1619 1432 1668 te
1455 1612 1735 1668 laudem?
1766 1616 1907 1668 satis
1931 1619 2096 1667 certo
2115 1614 2267 1668 scio:

391 1716 720 1766 numquam
755 1701 841 1751 ita
875 1696 1193 1766 magnifice
1224 1700 1543 1765 quicquam
1579 1695 1793 1764 dicam,
1825 1695 1887 1751 id
1919 1699 2103 1751 virtus

474 1784 619 1850 quin
651 1787 897 1849 superet
923 1787 1044 1835 tua.

395 1869 599 1933 itaque
647 1883 829 1918 unam
875 1862 1032 1918 hanc
1078 1882 1207 1918 rem
1252 1881 1350 1917 me
1399 1861 1622 1918 habere
1674 1869 1914 1932 praeter
1959 1860 2104 1917 alios

476 1950 858 2016 praecipuam
883 1946 1158 2015 arbitror,

393 2029 640 2085 fratrem
664 2029 893 2085 homini
914 2032 1144 2085 nemini
1169 2047 1298 2084 esse
1322 2031 1645 2097 primarum
1669 2031 1887 2084 artium
1918 2030 2106 2096 magis

478 2115 827 2182 principem.

129 2199 299 2266 Syrus
393 2215 428 2251 o
459 2195 761 2265 Ctesipho.
2195 2190 2312 2249 260

132 2280 242 2337 Cte.
602 2298 638 2334 o
669 2278 836 2347 Syre,
869 2277 1207 2334 Aeschinus
1238 2278 1443 2332 ubist?

128 2363 299 2432 Syrus
1198 2361 1404 2429 ellum,
1426 2367 1491 2416 te
1515 2366 1799 2429 expectat
1822 2359 1998 2414 domi.

133 2446 243 2502 Cle.
1941 2440 2098 2497 hem.

129 2530 300 2598 Syrus
391 2527 538 2598 quid
568 2535 662 2585 est
683 2529 704 2582 ?

132 2613 240 2667 Cle.
458 2611 604 2680 quid
622 2612 737 2667 sit?
760 2611 918 2667 illius
936 2630 1136 2680 opera,
1151 2609 1319 2678 Syre,
1339 2628 1500 2664 nunc
1514 2611 1661 2663 vivo.
1702 2606 1980 2663 festivom
1999 2614 2198 2676 caput,

393 2699 494 2764 qui
515 2714 696 2763 quom
718 2697 918 2749 omnia
939 2695 1051 2750 sibi
1073 2700 1210 2763 post
1231 2696 1459 2762 putarit
1477 2711 1606 2747 esse
1627 2710 1768 2760 prae
1788 2710 1923 2745 meo
1943 2710 2100 2745 com-

474 2777 674 2846 mode,

391 2859 732 2929 maledicta,
762 2859 1002 2928 famam,
1039 2877 1243 2915 meum
1285 2857 1553 2913 laborem
1582 2863 1647 2912 et
1685 2863 2000 2926 peccatum
2039 2858 2102 2910 in

474 2963 538 2999 se
562 2942 887 2999 transtulit.

390 3025 474 3081 nil
498 3032 642 3096 pote
665 3045 856 3096 supra.
934 3024 1222 3094 quidnam
1245 3022 1387 3078 foris
1410 3023 1694 3092 crepuit?-

129 3111 295 3178 ἕψω
1144 3125 1340 3174 mane,
1364 3124 1542 3161 mane
1566 3125 1580 3161 ε
1625 3108 1752 3174 ipse
1776 3107 1902 3160 exit
1925 3099 2094 3159 foras.
