2352 3724
630 191 985 257 PUBLIUS
1030 201 1502 263 TERENTIUS
1549 206 1766 263 AFER

344 303 496 351 quae
531 287 823 344 concedat
854 293 1101 359 eiusque
1134 313 1329 348 mores
1363 295 1583 350 toleret
1614 317 1719 350 sua
1749 298 2061 366 modestia,

345 385 543 435 neque
574 370 690 424 alio
720 379 897 440 pacto
929 379 1206 443 componi
1236 381 1394 445 potis
1425 381 1585 433 inter
1616 398 1715 435 eas
1744 385 2026 447 gratiast:

343 451 718 519 segreganda
768 461 875 510 aut
924 463 1120 511 mater
1169 478 1203 512 a
1259 478 1358 514 me
1419 468 1530 529 est,
1588 460 1904 532 Phidippe,
1957 472 2061 519 aut
2152 471 2270 520 480

434 532 803 591 Philumena.

345 634 506 670 nunc
545 637 643 673 me
688 623 881 687 pietas
925 625 1133 678 matris
1177 627 1376 693 potius
1423 625 1804 682 commodum
1849 628 2062 684 suadet

429 718 613 768 sequr

85 790 294 848 Laches
347 793 678 865 Pamphile,
716 796 878 853 haud
923 802 1113 855 invito
1149 800 1226 856 ad
1262 806 1419 859 auris
1457 822 1653 860 sermo
1689 808 1771 860 mi
1809 811 2060 863 accessit

430 885 583 946 tUOS,

345 979 524 1029 quom
558 968 619 1017 te
651 967 844 1020 omnis
874 984 969 1020 res
999 973 1381 1035 postputasse
1412 988 1556 1038 prae
1587 978 1841 1039 parente
1878 972 2058 1028 intel-

426 1042 595 1112 lego;

345 1146 552 1182 verum
575 1127 712 1184 vide
736 1149 815 1184 ne
840 1129 1110 1199 inpulsus
1134 1136 1219 1187 ira
1243 1153 1423 1202 prave
1448 1137 1704 1204 insistas,
1729 1136 2055 1207 Pamphile.

84 1222 235 1277 Pam.
345 1223 559 1291 quibus
589 1226 690 1279 iris
719 1244 882 1279 nunc
911 1225 1182 1295 inpulsus
1213 1231 1276 1282 in
1306 1227 1470 1284 illam
1500 1233 1735 1299 iniquos
1766 1233 1915 1286 sim?

345 1325 497 1374 quae
545 1326 874 1376 numquam
923 1313 1242 1379 quicquam
1291 1331 1434 1380 erga
1480 1332 1578 1368 me
1631 1319 2058 1386 commeritast‚

426 1396 619 1458 pater,

344 1472 504 1540 quod
534 1472 780 1542 nollem,
812 1481 876 1530 et
906 1494 1084 1545 saepe
1116 1475 1276 1545 quod
1307 1477 1527 1533 vellem
1556 1483 1833 1535 meritam
1865 1485 2017 1548 scio;

343 1575 598 1624 amoque
631 1564 694 1612 et
723 1556 903 1613 laudo
934 1566 998 1614 et
1028 1567 1344 1615 vementer
1374 1560 1666 1617 desidem.

343 1658 482 1693 nam
516 1638 696 1695 fuisse
729 1659 871 1709 erga
899 1660 998 1696 me
1028 1645 1180 1697 miro
1211 1646 1458 1711 ingenio
1489 1653 1773 1714 expertus
1805 1665 1957 1716 sum,

344 1720 550 1791 illique
583 1731 804 1792 exopto
834 1731 904 1780 ut
935 1722 1221 1780 relicuam
1251 1730 1435 1782 vitam
1469 1731 1673 1796 exigat
2146 1735 2265 1794 490

345 1825 480 1859 cum
514 1825 586 1861 eo
619 1809 760 1875 vir0,
792 1826 891 1862 me
925 1811 1026 1876 qui
1058 1812 1136 1863 sit
1168 1808 1547 1879 fortunatior,

344 1888 829 1958 quandoquidem
863 1889 1028 1946 illam
1057 1911 1092 1946 a
1120 1911 1219 1947 me
1250 1892 1531 1949 distrahit
1561 1897 1900 1951 necessitas.

83 1984 202 2039 Phi.
343 1984 455 2039 tibi
484 1983 547 2039 id
576 1987 639 2039 in
668 1993 910 2041 manust
938 2005 1017 2041 ne
1049 1985 1167 2042 fiat.

84 2080 292 2135 Laches
1179 2085 1227 2138 si
1258 2101 1435 2140 sanus
1465 2086 1611 2140 sies:

345 2163 484 2218 iube
516 2162 679 2217 illam
711 2162 923 2219 redire.

87 2259 235 2314 Pam.
952 2279 1071 2314 non
1104 2267 1196 2316 est
1228 2260 1560 2330 consilium,
1594 2268 1796 2331 pater:

345 2357 551 2409 matris
584 2354 817 2408 servibo
848 2354 1190 2410 commodis,

82 2448 294 2505 Laches
1206 2470 1325 2519 quo
1353 2450 1518 2506 abis?
1561 2450 1738 2507 ades?

344 2562 544 2613 mane,
575 2546 851 2613 inquam:
897 2564 1015 2613 quo
1045 2545 1172 2601 abis
1188 2546 1294 2600 ?—-

83 2639 204 2696 Phi.
1208 2660 1360 2710 quae
1391 2640 1542 2697 haec
1573 2660 1666 2697 est
1694 2643 2060 2711 pertinacia?

85 2735 293 2791 Laches
344 2735 530 2803 dixin,
566 2734 881 2804 Phidippe,
906 2733 1062 2790 hanc
1085 2755 1211 2790 rem
1237 2755 1416 2803 aegre
1442 2735 1703 2791 laturum
1729 2755 1858 2791 esse
1883 2737 2059 2791 eum?

348 2851 527 2900 quam
557 2831 634 2885 ob
664 2850 792 2885 rem
823 2837 886 2885 te
918 2830 1158 2885 orabam
1192 2830 1370 2884 filiam
1405 2838 1471 2885 ut
1503 2834 1860 2886 remitteres,

86 2927 203 2983 Phi.
343 2946 465 2982 non
497 2924 725 2981 credidi
756 2923 972 2995 edepol
1003 2924 1155 2980 adeo
1185 2925 1580 2979 inhumanum
1611 2924 1755 2980 fore.

345 3026 430 3077 ita
458 3040 620 3077 nunc
650 3024 698 3076 is
728 3021 840 3075 sibi
869 3039 968 3075 me
1000 3019 1473 3089 supplicaturum
1506 3017 1719 3090 putat?
2152 3025 2266 3075 500

351 3112 370 3159 l
388 3109 463 3160 72
