2352 3724
105 387 283 444 Demz.

100 567 268 624 Plzor.

102 758 281 816 Demi.

101 853 265 909 Phor.

99 1044 279 1102 Demi.

101 1319 242 1374 Geta

97 1415 263 1470 Plzor.

95 1690 275 1745 Demi.

100 1880 260 1936 Phor.

93 2262 273 2319 Demi.

92 2645 257 2701 Phor.

93 2741 271 2797 Demi.

93 2931 254 2987 Phor.

662 267 1019 327 PUBLIUS
1063 269 1534 327 TERENTIUS
1580 269 1796 324 AFER

368 407 567 457 neque
600 408 713 456 ego
745 390 914 444 illum
946 410 1152 444 noram
1184 410 1382 459 neque
1412 394 1494 444 mi
1526 397 1815 457 cognatus
1847 388 1963 444 fuit

366 488 680 553 quisquam
710 489 859 539 istoc
888 490 1150 541 nomine.

1134 569 1336 623 itane?
1367 588 1490 623 non
1519 575 1582 623 te
1614 567 1829 623 horum
1858 565 2085 635 pudet?

365 670 429 719 at
457 667 506 720 si
535 663 836 719 talentum
866 683 995 720 rem
1025 663 1367 733 reliquisset
1397 663 1628 732 decem,

367 758 428 814 di
458 760 570 814 tibi
600 759 976 815 malfaciant!

967 860 1191 924 primus
1223 875 1381 912 esses
1410 860 1757 911 memoriter

365 955 717 1020 progeniem
737 959 996 1006 vostram
1016 971 1204 1020 usque
1225 952 1299 1006 ab
1318 971 1427 1006 avo
1445 958 1629 1019 atque
1647 958 1821 1005 atavo
1845 947 2169 1018 proferens.

364 1051 449 1101 ita
478 1054 548 1101 ut
578 1046 740 1102 dicis.
832 1066 945 1115 ego
976 1054 1107 1101 tum
1138 1066 1319 1115 quom
1348 1046 1744 1114 advenissem,
1776 1049 1878 1114 qui
1908 1044 2056 1098 mihi

364 1149 619 1210 cognata
651 1161 721 1196 ea
752 1149 913 1197 esset
943 1142 1239 1197 dicerem:
1272 1142 1485 1197 itidem
1516 1149 1584 1196 tu
1616 1140 1761 1196 face.

362 1236 513 1293 cedo
543 1241 644 1305 qui
676 1245 768 1292 est
798 1245 1068 1305 cognata.

1078 1340 1152 1376 eu
1178 1329 1401 1389 noster,
1427 1327 1607 1375 recte.
1699 1319 1848 1374 heus
1873 1326 1959 1387 tu,
1985 1336 2125 1373 cave

363 1415 627 1472 dilucide
660 1416 939 1485 expedivi
971 1417 1186 1484 quibus
1215 1435 1314 1471 me
1346 1420 1613 1485 oportuit
1688 1417 1691 1418 ⁷

360 1511 685 1567 iudicibus:
715 1519 848 1567 tum
878 1512 940 1566 id
971 1516 1018 1567 si
1050 1510 1265 1567 falsum
1295 1510 1510 1579 fuerat,
1543 1510 1696 1566 filius
2173 1513 2288 1561 400

361 1626 509 1676 quor
539 1627 661 1662 non
690 1606 954 1662 refellit?

949 1690 1137 1746 filium
1166 1709 1368 1746 narras
1397 1689 1583 1744 mihi?

359 1790 569 1855 quoius
600 1786 676 1841 de
708 1785 966 1842 stultitia
995 1786 1113 1840 dici
1143 1793 1213 1841 ut
1242 1785 1554 1853 dignumst
1582 1804 1704 1839 non
1734 1790 1939 1852 potest

360 1888 423 1936 at
452 1889 520 1937 tu
553 1886 654 1950 qui
685 1885 922 1950 sapiens
954 1901 1016 1937 es
1046 1885 1432 1949 magistratus
1461 1880 1579 1947 adi,

359 1977 646 2032 iudicium
677 1977 753 2032 de
786 1976 1000 2032 eadem
1030 1995 1206 2031 causa
1235 1980 1456 2032 iterum
1486 1983 1556 2030 ut
1585 1974 1844 2030 reddant
1875 1973 2003 2041 tibi,

359 2072 849 2141 quandoquidem
879 2071 1038 2128 solus
1066 2091 1283 2140 regnas
1315 2079 1379 2127 et
1408 2070 1516 2126 soli
1546 2070 1692 2125 licet

359 2168 455 2223 hic
486 2167 563 2224 de
595 2167 808 2223 eadem
839 2187 1014 2223 causa
1042 2168 1133 2222 bis
1163 2166 1451 2222 iudicium
1479 2169 1745 2235 apiscier.

360 2267 474 2319 etsi
502 2264 650 2318 mihi
682 2263 841 2318 facta
868 2267 1161 2330 iniuriast‚
1191 2281 1399 2318 verum
1428 2269 1635 2316 tamen

357 2363 555 2428 potius
585 2378 764 2428 quam
794 2358 916 2414 litis
946 2366 1143 2414 secter
1171 2365 1278 2413 aut
1307 2377 1486 2427 quam
1514 2363 1578 2412 te
1607 2355 1866 2424 audiam,

355 2453 570 2510 itidem
599 2461 669 2510 ut
699 2461 955 2522 cognata
985 2458 1031 2509 si
1062 2457 1161 2523 sit,
1190 2453 1253 2508 id
1284 2451 1445 2522 quod
1474 2451 1573 2508 lex
1602 2452 1773 2506 iubet

355 2549 512 2605 dotis
543 2549 706 2618 dare,
736 2549 931 2604 abduc
961 2549 1136 2618 hanc,
1168 2552 1359 2604 minas
1387 2550 1653 2617 quinque
1682 2550 1902 2615 accipe.
2161 2551 2279 2600 410

359 2645 648 2714 hahahae,
680 2645 860 2700 homo
890 2649 1098 2700 suavis.
1219 2645 1222 2646 ⁷

980 2739 1126 2809 quid
1157 2740 1287 2795 est?
1316 2759 1463 2794 num
1493 2742 1761 2807 iniquom
1791 2736 2072 2806 postulo?

352 2857 429 2892 an
453 2856 531 2893 ne
555 2836 668 2891 hoc
693 2836 939 2905 quidem
962 2855 1076 2904 ego
1098 2834 1392 2904 adipiscar
1414 2833 1575 2903 quod
1598 2837 1688 2888 ius
1711 2832 2115 2901 publicumst?

351 2937 479 2986 itan
497 2931 766 2999 tandem,
787 2950 1027 3000 quaeso,
1047 2934 1197 2985 item
1216 2937 1285 2985 ut
1301 2932 1685 2985 meretricem
1703 2927 1805 2982 ubi
1823 2927 2040 2982 abusus
2060 2930 2157 2995 sis,

352 3027 694 3082 mercedem
726 3026 869 3081 dare
899 3025 998 3081 lex
1028 3025 1200 3080 iubet
1229 3028 1285 3079 ei
1313 3031 1497 3093 atque
1526 3023 1845 3078 amittere?

348 3141 444 3189 an,
479 3130 545 3176 ut
574 3141 651 3176 ne
683 3120 828 3189 quid
857 3127 1036 3189 turpe
1068 3124 1209 3174 civis
1238 3123 1299 3173 in
1331 3137 1395 3174 se
1423 3118 1778 3173 admitteret

354 3201 428 3259 46
