2404 3704
714 236 1070 295 PUBLIUS
1113 238 1585 299 TERENTIUS
1631 242 1848 298 AFER

420 363 515 412 est
564 355 640 412 ad
700 356 856 412 hanc
914 377 1159 414 manum
1216 359 1541 417 sacellum:
1614 363 1695 418 ibi
1752 367 2135 433 angiportum

503 453 752 515 propter
782 453 888 502 est.

163 533 370 592 Demea
422 533 771 603 quodnam?

163 629 330 699 Syrus
580 630 667 685 illi
699 631 801 686 ubi
833 634 1016 686 etiam
1049 631 1355 700 caprificus
1385 654 1605 703 magna
1635 643 1742 691 est.

164 724 374 781 Demea
1646 734 1799 786 novi.

158 820 328 890 Syrus
1746 825 1857 882 hac
1888 832 2138 896 pergito.

162 916 374 972 Demea
422 915 483 972 id
516 916 762 986 quidem
791 921 1177 987 angiportum
1209 939 1331 974 non
1363 927 1457 976 est
1487 924 1772 989 pervium.

161 1012 331 1083 Sym-s·
1494 1036 1699 1072 verum
1728 1017 1947 1078 hercle.
2010 1021 2145 1090 vah,

428 1121 650 1158 censen
705 1101 1007 1157 hominem
1057 1122 1152 1159 me
1206 1104 1381 1159 csse?
1469 1110 1695 1161 erravi:
1741 1111 1803 1162 in
1851 1114 2145 1179 porticum

511 1210 744 1246 rursum
776 1190 904 1246 redi
930 1210 942 1245 :

429 1299 572 1335 sane
602 1278 714 1334 hac
744 1279 938 1334 multo
970 1283 1210 1349 propius
1240 1280 1352 1336 ibis
1384 1288 1448 1336 et
1479 1285 1673 1337 minor
1705 1291 1798 1340 est
1829 1289 2061 1341 erratio,
2241 1291 2355 1338 530

415 1364 556 1424 ι50111
587 1367 815 1424 Cratini
846 1367 1021 1424 huius
1053 1367 1194 1423 ditis
1225 1367 1389 1424 aedis
1414 1369 1435 1423 ?

165 1464 378 1520 Demea
1415 1469 1550 1521 scio,

163 1562 334 1631 Syrus
1488 1563 1590 1617 ubi
1621 1583 1719 1618 035
1750 1567 2146 1632 praeterieris,

430 1648 507 1704 ad
530 1651 830 1705 sinistram
854 1647 966 1703 hac
992 1656 1156 1704 recta
1176 1647 1376 1717 platea
1398 1668 1412 1716 3
1444 1650 1545 1704 ubi
1564 1651 1639 1705 ad
1664 1651 1893 1707 Dianae
1913 1656 2167 1721 veneriS,

432 1742 518 1794 ito
564 1736 641 1792 ad
687 1737 980 1792 dextram.
1071 1742 1232 1807 prius
1281 1758 1460 1807 quam
1506 1738 1583 1794 ad
1638 1747 1871 1808 portam
1926 1745 2143 1808 veniaS,

516 1826 678 1896 apud
706 1830 902 1895 ipsum
931 1826 1126 1881 lacum

434 1924 528 1972 est
557 1914 812 1985 pistrilla
843 1922 906 1970 et
938 1914 1330 1971 exadvorsum
1362 1914 1621 1972 fabrica:
1666 1917 1823 1973 ibist.

173 2013 384 2069 Demea
1715 2012 1860 2082 quid
1889 2013 1972 2068 ibi
2003 2012 2190 2070 facit?

170 2113 342 2181 Syrus
442 2106 696 2163 lectulos
725 2110 790 2161 in
819 2105 943 2162 sole
974 2106 1174 2175 ilignis
1203 2105 1458 2176 pedibus
1489 2106 1799 2163 faciundos
1840 2107 2026 2164 dedit.

175 2207 386 2263 Demea
438 2203 539 2258 ubi
587 2205 812 2271 potetis
860 2220 999 2256 vos:
1059 2202 1216 2257 bene
1264 2221 1423 2257 sane.
1491 2201 1597 2257 sed
1658 2222 1823 2259 cesso
1880 2202 1957 2258 ad
2016 2223 2153 2259 eum

415 2350 418 2354 ,
520 2309 775 2360 pergere
798 2291 902 2344 ?——

173 2391 344 2459 Syrus
444 2391 463 2443 i
522 2404 704 2442 sane:
756 2405 871 2454 ego
929 2393 992 2441 te
1054 2387 1348 2441 exercebo
1407 2385 1607 2454 hodie,
1666 2394 1735 2442 ut
1792 2386 2010 2456 dignus
2068 2405 2151 2455 cS,

520 2475 901 2531 silicernium.

439 2563 778 2622 Aeschinus
801 2562 1004 2618 odiose
1036 2570 1264 2619 cessat:
1309 2562 1627 2632 prandium
1657 2567 2091 2632 corrumpitur3

440 2651 729 2722 Ctesipho
773 2659 978 2707 autem
1026 2655 1090 2706 in
1134 2658 1396 2707 amorest
1442 2659 1622 2707 totus.
1713 2671 1827 2721 ego
1867 2655 1984 2706 iam
2021 2671 2153 2720 pro-

524 2744 770 2811 spiciam
798 2740 948 2795 mihi
972 2759 984 2795 ε

442 2851 580 2886 113111
610 2834 729 2884 13111
758 2829 935 2887 abibo
964 2836 1148 2898 atque
1177 2847 1367 2884 unum
1390 2827 1694 2897 quicquid,
1719 2827 1880 2897 quod
1912 2827 2153 2897 quidem
2245 2832 2361 2890 590

524 2923 640 2974 erit
670 2917 1103 2986 bellissumum,

440 3027 679 3077 carpam
727 3014 791 3062 et
839 3005 1087 3075 cyathos
1133 3004 1422 3061 sorbilans
1470 3003 1760 3073 paulatim
1809 3003 1970 3059 hunc
2022 3023 2153 3073 pro-

506 3095 720 3151 ducam
751 3095 930 3150 diem.

470 3184 543 3238 27
555 3186 587 3234 8
