2352 3724
665 226 1019 284 PUBLIUS
1064 227 1534 285 TERENTIUS
1579 228 1797 283 AFER

372 366 510 402 nam
543 351 730 402 ceteri
760 348 1005 416 quidem
1036 348 1239 404 hercle
1270 352 1441 403 amici
1476 369 1683 404 omnes
1714 350 1892 405 modo

372 449 493 486 uno
516 449 617 486 ore
647 438 920 487 auctores
950 431 1120 487 fuere
1149 439 1220 487 ut
1248 436 1640 502 praecipitem
1671 432 1826 488 hanc
1851 431 2082 490 daret.”

112 518 254 577 Anti.
373 518 518 588 quid
547 518 645 574 hic
677 527 920 590 coeptat
949 527 1054 575 aut
1084 540 1201 589 quo
1232 520 1449 576 evadet
1479 520 1696 576 hodie?

111 609 251 664 Geta
1693 594 1729 620 “
1742 629 1820 664 an
1848 608 2084 677 legibus

372 692 654 748 daturum
683 712 907 762 poenas
939 692 1121 762 dices,
1154 695 1202 748 si
1231 692 1396 747 illam
1427 693 1709 748 eiecerit?

372 780 489 831 iam
518 775 582 831 id
612 776 1078 845 exploratumst:
1123 775 1280 844 heia,
1312 775 1552 832 sudabis
1583 780 1743 844 satiS,

373 863 420 914 si
451 878 587 914 cum
616 859 719 914 illo
749 864 1020 929 inceptas
1050 859 1325 915 homine:
1372 879 1442 915 ea
1473 859 1892 928 eloquentiast.

373 962 581 998 verum
609 962 768 1012 pono
800 963 929 998 esse
960 947 1186 998 victum
1219 962 1389 1010 eum3
1433 950 1497 998 at
1526 941 1776 998 tandem
1806 950 2014 998 tamen
2171 939 2283 997 63ss

373 1046 495 1080 non
525 1030 736 1091 capitis
768 1030 823 1082 ei
854 1046 948 1082 res
977 1030 1177 1094 agitur
1208 1025 1315 1081 sed
1344 1026 1696 1095 pecuniae.''

374 1116 691 1203 postquam
720 1109 1028 1166 hominem
1057 1108 1150 1164 his
1182 1110 1376 1165 verbis
1406 1113 1603 1165 sentio
1632 1109 1937 1176 mollirier,

397 1178 534 1249 ‘soli
564 1211 766 1249 sumus
796 1212 958 1249 nunc
987 1192 1133 1248 hic'’
1169 1196 1444 1261 inquam:
1491 1178 1528 1203 “
1542 1192 1676 1261 eho,
1702 1192 1799 1248 dic
1823 1191 1967 1261 quid
1998 1195 2084 1247 vis

457 1276 584 1331 dari

373 1360 482 1415 tibi
515 1364 576 1414 in
605 1380 869 1428 manum,
901 1367 970 1415 ut
1001 1379 1135 1415 erus
1165 1359 1257 1415 his
1288 1359 1541 1415 desistat
1568 1359 1793 1428 litibus,

374 1443 523 1499 haec
554 1443 694 1498 hinc
726 1443 997 1512 facessat,
1030 1452 1096 1499 tu
1127 1443 1416 1499 molestus
1446 1462 1524 1499 ne
1555 1443 1755 1499 sies?'’

113 1534 256 1589 Anti.
375 1537 531 1588 satin
559 1531 647 1587 illi
679 1532 740 1588 di
772 1540 912 1587 sunt
941 1533 1221 1601 propitii?

112 1622 253 1679 Geta
1229 1606 1419 1676 “nam
1450 1628 1541 1677 sat
1570 1625 1709 1690 scio,

373 1710 422 1762 si
451 1714 519 1762 tu
549 1705 809 1774 aliquam
839 1712 1075 1774 partem
1105 1708 1280 1774 aequi
1310 1705 1572 1773 bonique
1605 1704 1847 1774 dixeris,

372 1796 443 1845 ut
472 1796 566 1845 est
594 1789 696 1844 ille
727 1789 918 1844 bonus
948 1793 1054 1857 vir,
1085 1792 1200 1844 tria
1229 1808 1352 1843 non
1382 1788 1826 1844 commutabitis

372 1873 549 1929 verba
583 1872 763 1928 hodie
794 1876 955 1927 inter
986 1871 1147 1927 vos,''

113 1956 289 2013 Demi.
1168 1959 1298 2024 quis
1329 1962 1392 2010 te
1423 1959 1608 2010 istaec
1638 1958 1809 2009 iussit
1838 1952 2038 2022 loqui?

110 2045 238 2104 Chr.
368 2050 551 2100 immo
580 2064 703 2100 non
732 2048 932 2114 potuit
959 2044 1174 2099 melius
1203 2046 1572 2113 pervenirier
2167 2037 2286 2095 640

374 2154 446 2190 eo
475 2153 593 2203 quo
623 2152 731 2189 nos
761 2132 1049 2188 volumus,

110 2218 255 2275 Anti.
1064 2215 1282 2271 occidi!

107 2307 288 2365 Demi.
1304 2324 1490 2374 perge
1523 2304 1737 2373 eloqui.

110 2396 252 2453 Geta
369 2417 404 2452 a
433 2400 623 2467 primo
652 2395 832 2450 homo
862 2394 1175 2450 insanibat.

108 2486 235 2543 Chr.
1196 2481 1345 2537 cedo
1376 2481 1521 2551 quid
1549 2479 1850 2550 postulat?

109 2576 252 2632 Geta
369 2573 551 2643 quid?
594 2577 847 2628 nimium
876 2579 1183 2642 quantum.

108 2664 234 2721 Chr.
1192 2659 1520 2729 quantum?
1565 2655 1678 2713 dic.
2343 2699 2352 2735 4.

111 2753 250 2809 Geta
1677 2749 1725 2802 si
1749 2748 1879 2815 quis
1902 2744 2075 2802 daret
2350 2739 2352 2760 *

367 2834 667 2892 talentum
695 2853 998 2903 magnum.

107 2924 284 2981 Demi.
892 2926 1075 2977 immo
1105 2921 1328 2977 malum
1357 2919 1592 2975 hercle:
1636 2926 1704 2973 ut
1734 2918 1814 2972 nil
1850 2917 2068 2986 pudet!

106 3013 248 3070 Geta
367 3013 524 3082 quod
557 3012 680 3068 dixi
710 3011 862 3067 adeo
893 3015 979 3067 ei:
1027 2997 1060 3021 ‘⁶
1077 3029 1316 3079 quaeso,
1348 3007 1493 3077 quid
1523 3011 1570 3063 si
1602 3007 1782 3061 filiam

367 3118 543 3157 suam
561 3104 797 3156 unicam
823 3099 1085 3156 locaret?
1129 3101 1295 3168 parvi
1324 3115 1389 3153 re
1419 3095 1561 3151 tulit

372 3194 443 3246 72
