2352 3724
664 243 911 301 PUBLI
920 245 1021 303 US
1066 245 1536 305 TERENTIUS
1580 248 1799 309 AFER

372 362 480 419 sed
510 383 620 433 per
649 364 793 421 deos
823 373 1007 434 atque
1039 366 1314 424 homines
1350 388 1549 424 meam
1586 388 1715 425 esse
1752 368 1907 425 hanc
1944 389 2087 427 cave

454 463 737 516 resciscat
767 465 1096 530 quisquam.

107 554 195 612 So.
369 574 549 611 nemo
581 575 614 611 e
644 575 743 612 me
775 557 966 612 scibit.

110 661 236 719 Chr.
872 685 1125 735 sequere
1156 687 1285 723 me:
1329 671 1493 724 intus
1526 676 1729 725 cetera
1758 669 2087 727 audiemus·

114 770 292 828 Demi.
378 772 707 843 Nostrapte
739 773 915 844 culpa
945 773 1196 830 facimus
1227 783 1296 831 ut
1325 776 1497 831 malis
1530 777 1814 846 expediat
1845 798 1994 845 esse,

112 880 224 935 V.ii
380 880 525 937 dum
555 886 809 937 nimium
838 881 957 938 dici
986 902 1095 938 nos
1124 883 1313 940 bonos
1343 884 1655 941 studemus
1687 893 1750 941 et
1778 886 2088 954 benignos.

375 993 461 1046 ita
490 990 683 1060 fugias
713 1010 793 1046 ne
822 998 1064 1061 praeter
1094 1010 1309 1060 casam,
1342 993 1503 1061 quod
1534 997 1719 1049 aiunt.
1797 1013 2000 1050 nonne
2032 994 2092 1050 id

459 1107 552 1155 sat
581 1106 730 1169 erat,

376 1211 650 1277 accipere
684 1209 761 1263 ab
796 1207 900 1263 illo
935 1202 1252 1277 iniuriamss?
1297 1211 1482 1264 etiam
1520 1217 1902 1278 argentumst
1938 1209 2097 1266 ultro

444 1318 771 1386 obiectum,

379 1431 449 1480 ut
478 1428 556 1480 sit
586 1428 689 1494 qui
718 1427 898 1494 vivat,
930 1424 1076 1481 dum
1105 1424 1270 1481 aliud
1299 1425 1527 1494 aliquid
1556 1425 1744 1495 flagiti
1775 1426 2064 1483 conficiat.
2188 1431 2303 1487 770

120 1532 262 1587 Geta
383 1532 764 1601 planissume.

124 1639 299 1697 Demi.
575 1644 661 1697 eis
690 1660 852 1697 nunc
882 1644 1294 1711 praemiumst,
1326 1645 1429 1711 qui
1459 1649 1625 1698 recta
1647 1661 1826 1712 prava
1848 1641 2092 1698 faciunt.

122 1748 263 1805 Geta
383 1752 725 1805 verissume.

124 1857 300 1914 Demi.
662 1865 733 1915 ut
762 1858 1136 1915 stultissume
1167 1858 1415 1928 quidem
1444 1858 1533 1914 illi
1561 1878 1691 1915 rem
1720 1863 2095 1928 gesserimus,

124 1965 266 2023 Geta
384 1965 565 2022 modo
587 1973 658 2022 ut
679 1965 794 2022 hoc
818 1966 1066 2023 consilio
1088 1969 1315 2036 possiet
1338 1965 1587 2036 discedi,
1607 1973 1677 2022 ut
1700 1970 1877 2022 istam
1900 1966 2098 2023 ducat.

128 2073 302 2130 Demi.
389 2078 654 2130 etiamne
684 2073 747 2130 id
778 2074 1126 2130 dubiumst?

126 2182 268 2238 Geta
569 2181 732 2238 haud
751 2186 872 2238 scio
891 2181 1116 2251 hercle,
1136 2188 1207 2238 ut
1224 2180 1483 2250 homost,
1503 2201 1583 2237 an
1599 2188 1800 2238 mutet
1817 2185 2100 2239 animum.

127 2290 304 2347 Demi.
389 2289 552 2360 hem,
581 2297 782 2346 mutet
811 2290 1057 2345 autem?

128 2399 270 2455 Geta
1079 2402 1316 2466 nesci03
1363 2417 1589 2466 verum,
1621 2401 1670 2453 si
1698 2397 1875 2466 forte,
1908 2398 2056 2454 dico,

130 2506 305 2563 Demi.
387 2511 474 2564 ita
516 2506 750 2576 faciam,
781 2515 851 2563 ut
894 2505 1082 2562 frater
1124 2508 1378 2574 censuit,
1410 2511 1480 2560 ut
1522 2524 1770 2560 uxorem
1815 2509 1942 2561 eius
1985 2504 2103 2562 huc

471 2603 786 2671 adducam,

391 2719 527 2755 cum
571 2703 686 2754 ista
729 2706 799 2754 ut
842 2698 1136 2766 loquatur.
1212 2703 1302 2766 tu,
1335 2695 1513 2765 Geta,
1556 2698 1655 2751 abi
1697 2715 1859 2765 prae,
1891 2700 2104 2751 nuntia

473 2794 629 2849 hanc
659 2802 1080 2849 venturam.—

131 2904 273 2960 Geta
391 2909 712 2971 argentum
743 2905 1118 2956 inventumst
1146 2899 1507 2966 Phaedriae3
1549 2898 1627 2955 de
1650 2901 1843 2967 iurgio
1866 2897 2106 2966 siletur3

390 3002 750 3068 provisumst
782 3016 860 3051 ne
893 3000 955 3051 in
985 2998 1327 3065 praesentia
1356 2993 1506 3050 haec
1535 2991 1677 3049 hinc
1706 2994 1915 3050 abeat:
1959 2993 2103 3063 quid

473 3111 635 3148 nune
664 3091 879 3161 porro?

393 3187 470 3247 86
