2352 3724
634 247 878 306 PUBLI
890 247 988 305 US
1033 248 1393 305 TERENTI
1406 249 1503 307 US
1549 249 1765 305 AFER

340 387 489 439 opus
519 374 640 424 ruri
672 369 1034 425 faciundum.
1112 368 1326 425 horum
1357 369 1441 425 nil
1473 374 1792 439 quicquam
1820 371 2056 428 accidet
2144 378 2260 428 250

425 469 624 520 animo
655 485 887 521 novom.

341 560 635 629 quidquid
667 568 907 630 praeter
938 579 1108 630 spem
1147 564 1408 630 eveniet,
1440 580 1617 617 omne
1656 561 1718 617 id
1754 561 2060 632 deputabo

428 675 557 711 esse
589 660 651 710 in
683 656 862 711 lucro,

341 749 448 806 sed
479 751 624 820 quid
655 770 848 807 cessas
881 751 1188 806 hominem
1230 750 1394 806 adire
1437 759 1501 806 et
1542 751 1762 808 blande
1806 756 1868 807 in
1898 756 2057 821 prin-

408 850 563 915 cipio
593 846 873 915 adloqui?

80 943 256 998 Demi.
346 941 700 997 Phaedriam
732 946 850 996 mei
884 941 1081 996 fratris
1116 941 1289 997 video
1323 941 1508 996 filium
1541 946 1621 997 mi
1654 946 1738 998 ire
1770 943 2018 998 obviam.

78 1039 245 1094 Phae.
338 1042 420 1093 mi
452 1045 685 1106 patrue,
717 1037 893 1092 salve.

79 1133 256 1189 Demi.
931 1131 1123 1199 salve;
1169 1132 1276 1188 sed
1306 1133 1468 1188 ubist
1499 1108 1810 1215 Antipho?

78 1230 245 1285 Plzae.
338 1229 561 1285 salvom
594 1231 798 1284 venire
845 1271 857 1283 .
909 1271 920 1283 .
973 1271 984 1283 .

81 1325 256 1380 Demi.
1005 1322 1215 1389 credo;
1259 1322 1373 1378 hoc
1404 1323 1702 1392 responde
1733 1323 1896 1378 mihi.

77 1421 244 1476 Phae.
338 1419 518 1489 valet,
549 1418 647 1474 hic
678 1426 801 1486 est3
847 1418 953 1474 sed
985 1423 1139 1474 satin
1173 1422 1371 1473 omnia
1402 1438 1476 1474 ex
1509 1420 1849 1474 sententia?

83 1516 256 1572 Demi.
342 1514 561 1571 vellem
591 1513 853 1583 quidem.

80 1612 244 1667 Phae.
877 1609 1023 1679 quid
1054 1613 1207 1665 istuc
1240 1610 1371 1666 est?

77 1707 255 1763 Demi.
1388 1709 1629 1774 rogitas,
1666 1704 1992 1761 Phaedria?

340 1804 524 1859 bonas
554 1822 652 1859 me
682 1802 935 1857 absente
967 1800 1063 1855 hic
1095 1799 1438 1857 confecistis
1470 1804 1725 1870 nuptias.

82 1900 246 1955 Phae.
338 1899 475 1968 eho,
505 1918 581 1953 an
613 1897 675 1953 id
707 1915 1018 1953 suscenses
1049 1916 1211 1951 nunc
1242 1895 1369 1951 illi?

81 1996 222 2052 Geta
1374 1991 1665 2047 artificem
1695 1992 1947 2061 probum

76 2091 255 2147 Demi.
342 2109 499 2159 egon
529 2088 616 2144 illi
645 2108 768 2144 non
797 2088 1214 2144 suscenseam?
1257 2090 1453 2156 ipsum
1481 2090 1677 2156 gestio

341 2186 469 2242 dari
498 2189 582 2240 mi
610 2188 674 2239 in
705 2190 1116 2253 conspectum,
1146 2202 1308 2238 nunc
1338 2202 1444 2238 sua
1473 2181 1648 2252 culpa
1676 2189 1746 2237 ut
1775 2186 1923 2238 sciat

340 2282 545 2338 lenem
566 2287 802 2350 patrem
825 2278 995 2334 illum
1018 2278 1245 2332 factum
1267 2297 1365 2333 me
1390 2296 1519 2334 esse
1541 2297 1931 2332 acerrumum.

79 2380 247 2435 Phae.
337 2381 506 2446 atqui
534 2375 687 2431 nihil
717 2375 884 2444 fecit,
907 2381 1142 2444 patrue,
1174 2373 1334 2442 quod
1364 2391 1723 2428 suscenseas.

80 2474 259 2531 Demi.
343 2492 484 2530 ecce
514 2479 722 2528 autem
750 2470 964 2527 similia
993 2469 1220 2524 omnia!
1253 2487 1461 2524 omnes
1491 2474 1859 2536 congruont:

343 2589 529 2625 unum
559 2587 740 2637 quom
770 2570 929 2621 noris
958 2568 1151 2620 omnis
1179 2568 1354 2620 noris.

79 2680 248 2736 Phae.
1382 2671 1538 2727 haud
1567 2675 1724 2727 itast.

81 2789 259 2844 Demz.
344 2786 443 2841 hic
471 2789 535 2841 in
565 2788 820 2852 noxiast‚
851 2782 952 2838 ille
983 2781 1060 2837 ad
1089 2779 1538 2837 defendendam
1570 2799 1806 2834 causam
1835 2779 2037 2836 adest:

342 2900 523 2951 quom
552 2879 735 2948 illest,
764 2878 863 2933 hic
893 2882 1221 2946 praestost:
1251 2873 1502 2930 tradunt
1532 2892 1741 2943 operas
1770 2881 2022 2929 mutuas.

81 2991 223 3048 Geta
341 2989 527 3059 probe
557 2986 772 3043 horum
803 2984 962 3040 facta
990 2982 1320 3053 inprudens
1351 2980 1629 3051 depinxit
1657 3000 1860 3037 senex,

81 3097 258 3154 Demi.
341 3115 481 3151 nam
499 3098 563 3150 ni
579 3093 730 3150 haec
749 3096 834 3148 ita
852 3098 1075 3157 essent,
1095 3110 1231 3145 cum
1251 3088 1353 3143 illo
1372 3086 1534 3143 haud
1553 3094 1759 3155 stares,
1783 3080 2099 3141 Phaedria.

345 3197 420 3246 32

2148 2083 2266 2143 260
