2404 3704
720 234 1076 294 PUBLIUS
1120 237 1591 296 TERENTIUS
1637 239 1852 295 AFER

426 356 474 409 si
504 353 655 411 illud
686 355 847 425 quod
876 376 1156 413 maxume
1187 376 1336 427 opus
1366 365 1460 414 est
1488 362 1647 415 iactu
1678 378 1801 414 non
1831 358 2012 429 cadit,

425 448 576 506 illud
608 450 769 520 quod
801 451 1021 508 cecidit
1051 451 1228 522 forte,
1260 452 1323 509 id
1353 461 1482 510 arte
1514 462 1584 510 ut
1614 459 1886 524 corrigas.

172 543 376 599 Demea
427 547 760 602 corrector!
791 567 1012 618 nempe
1042 555 1149 604 ’cua
1177 556 1307 604 arte
1338 553 1554 618 viginti
1583 554 1782 606 minae

427 660 534 711 pro
562 641 808 711 psaltria
837 647 1071 713 periere
1096 663 1108 699 :
1140 663 1293 713 quae
1325 652 1619 713 quantum
1650 653 1852 714 potest

427 735 627 806 aliquo
657 737 1054 807 abiciundast,
1086 742 1133 794 si
1163 758 1286 793 non
1316 743 1531 809 pretiO,
1561 744 1784 808 gratiis,

164 829 337 885 Micio
422 850 621 900 neque
654 840 746 888 est
775 852 974 902 neque
1007 832 1170 887 illam
1200 852 1342 889 sane
1373 833 1590 888 studeo
1621 832 1897 890 vendere.

167 925 375 982 Demea
425 927 570 996 quid
601 932 786 997 igitur
817 928 1042 984 facies?

166 1021 336 1077 Asicio
1025 1025 1188 1080 domi
1218 1029 1349 1083 erit.

167 1117 373 1172 Demea
1364 1140 1471 1190 pro
1502 1120 1701 1176 divom
1732 1120 1933 1192 fidem,

426 1222 711 1274 meretrix
744 1226 807 1274 et
838 1227 1031 1275 mater
1061 1219 1314 1277 familias
1345 1240 1464 1276 una
1494 1225 1554 1275 in
1587 1220 1807 1276 domo?

162 1312 335 1368 Micio
421 1333 570 1383 quor
599 1333 719 1369 non
743 1314 765 1370 ?

164 1409 372 1464 Demea
776 1430 987 1467 sanum
1017 1418 1080 1468 ’ce
1112 1411 1305 1468 credis
1337 1413 1511 1468 esse?

161 1504 332 1560 silicio
1511 1507 1792 1577 equidem
1822 1508 2090 1566 arbitror.

164 1600 371 1656 Demea
422 1605 505 1656 ita
536 1622 632 1657 me
658 1601 720 1657 di
749 1610 976 1672 ament,
1009 1609 1078 1659 ut
1108 1603 1283 1659 video
1315 1610 1478 1659 tuam
1512 1623 1626 1672 ego
1656 1607 1983 1673 ineptiam:

423 1696 721 1753 facturum
751 1698 931 1753 credo
961 1706 1030 1754 ut
1061 1698 1281 1755 habeas
1310 1702 1552 1768 quicum
1583 1702 1855 1755 cantites.

161 1792 333 1849 Micio
419 1813 567 1862 quor
599 1794 763 1848 non?

162 1888 370 1944 Demea
746 1897 810 1945 et
839 1909 991 1945 nova
1021 1898 1212 1960 nupta
1241 1889 1451 1946 eadem
1485 1888 1634 1945 haec
1665 1888 1873 1946 discet.

159 1983 237 2038 M
231 1984 332 2040 icio
1883 1985 2127 2041 scilicet.

163 2079 368 2134 Demea
419 2087 485 2135 tu
519 2084 678 2135 inter
709 2100 807 2136 eas
837 2086 1044 2137 restim
1076 2081 1329 2136 ductans
1361 2081 1617 2137 saltabiS.

159 2174 330 2229 Micio
1617 2176 1816 2245 probe.

167 2270 368 2325 Demea
419 2271 647 2340 probe?

159 2364 330 2420 Micio
651 2372 715 2422 et
744 2373 810 2422 tu
843 2366 1155 2420 nobiscum
1187 2385 1322 2434 una,
1355 2369 1401 2420 si
1434 2384 1581 2435 opus
1611 2369 1703 2420 sit.

162 2461 368 2516 Demea
1694 2464 1750 2516 ei
1779 2459 1924 2515 mihi
1953 2460 1963 2519 ¹.

418 2563 538 2599 non
569 2551 633 2600 te
664 2543 812 2599 haec
844 2544 1123 2613 pudent?

156 2639 328 2695 Micio
1118 2644 1235 2695 iam
1265 2659 1406 2695 vero
1436 2643 1671 2708 omitte,
1704 2638 1955 2707 Demea,

417 2743 585 2792 ’cuam
615 2740 805 2792 istanc
837 2735 1224 2804 iracundiam,
1254 2743 1436 2804 atque
1469 2740 1551 2790 ita
1583 2739 1671 2790 uti
1701 2734 1880 2790 decet

414 2825 670 2880 hilarum
700 2845 768 2880 ac
799 2825 1114 2880 lubentem
1143 2823 1237 2880 fac
1266 2832 1330 2879 te
1358 2828 1529 2893 gnati
1560 2827 1623 2878 in
1651 2826 1894 2892 nuptiis.

414 2934 528 2983 ego
558 2913 665 2969 hos
695 2917 1015 2969 convenio:
1054 2920 1191 2983 post
1221 2911 1337 2968 huc
1366 2911 1654 2968 redeo—

159 3003 363 3058 Demeu
1577 3019 1613 3056 o
1645 2999 1936 3069 Iuppiter,

412 3091 667 3148 hancine
697 3091 915 3147 vitam'
958 3089 1166 3146 hoscin
1196 3090 1424 3145 mores!
1468 3088 1622 3144 hanc
1653 3087 2019 3168 dementiam
2048 3089 2058 3116 ⁰

420 3180 530 3233 296

2229 363 2355 421 740

2224 1702 2341 1758 750
