2352 3724
988 618 1424 678 PROLOGVS

354 784 670 853 Postquam
704 793 883 853 poeta
914 792 1085 840 vetus
1115 793 1356 854 poetam
1387 806 1509 842 non
1540 796 1744 857 potest

349 868 655 922 retrahere
687 889 721 922 a
752 868 951 923 studio
984 876 1047 923 et
1077 869 1390 924 transdere
1421 869 1730 927 hominem
1760 877 1821 927 in
1854 877 2062 940 otium,

347 950 682 1006 maledictis
712 951 1021 1006 deterrere
1051 971 1130 1006 ne
1160 953 1381 1007 scribat
1408 961 1609 1021 parat3

348 1038 449 1102 qui
479 1038 564 1089 ita
594 1033 854 1102 dictitat,
887 1054 1032 1102 quas
1063 1042 1206 1089 ante
1237 1034 1335 1089 hic
1366 1034 1514 1091 fecit
1544 1036 1774 1094 fabulas

350 1121 517 1172 tenui
551 1136 680 1171 esse
712 1121 981 1172 oratione
1014 1124 1077 1172 et
1108 1122 1400 1186 scriptura
1430 1117 1578 1174 levi:

348 1205 485 1268 quia
516 1220 811 1268 nusquam
840 1204 1119 1255 insanum
1148 1204 1385 1269 scripsit
1413 1201 1938 1259 adulescentulum

354 1303 587 1338 cervam
620 1283 824 1338 videre
856 1282 1067 1351 fugere
1100 1290 1164 1338 et
1193 1288 1408 1339 sectari
1439 1304 1616 1340 canes

347 1374 410 1422 et
441 1386 572 1421 eam
604 1366 856 1435 plorare,
889 1385 1056 1422 orare
1085 1373 1156 1421 ut
1185 1367 1503 1423 subveniat
1530 1368 1658 1424 sibi.

347 1449 504 1518 quod
538 1454 585 1504 si
615 1449 1026 1518 intellegeret,
1057 1469 1239 1518 quom
1269 1454 1444 1505 stetit
1472 1449 1614 1505 olim
1645 1471 1816 1521 nova,

346 1537 561 1588 actoris
592 1552 772 1601 opera
802 1537 991 1601 magis
1022 1537 1262 1588 stetisse
1294 1553 1471 1601 quam
1504 1553 1627 1603 sua,

347 1621 543 1672 minus
573 1615 766 1671 multo
795 1616 1083 1671 audacter
1112 1635 1291 1684 quam
1321 1636 1483 1671 nunc
1512 1616 1701 1673 laedit
1731 1617 2016 1675 laederet.

347 1719 506 1755 nunc
537 1704 585 1755 si
617 1703 747 1768 quis
779 1706 872 1754 est
902 1703 1004 1768 qui
1034 1699 1148 1754 hoc
1179 1699 1342 1755 dicat
1369 1706 1476 1755 aut
1504 1704 1588 1755 sic
1619 1705 1877 1769 cogitet:

348 1769 571 1838 “vetus
602 1787 649 1838 si
679 1790 860 1852 poeta
889 1802 1012 1837 non
1040 1781 1379 1837 lacessisset
1407 1786 1585 1851 prior,

347 1866 580 1922 nullum
609 1870 881 1920 invenire
911 1865 1227 1934 prologum
1256 1873 1460 1934 posset
1488 1885 1672 1921 novos

347 1969 527 2018 quem
558 1949 808 2017 diceret,
840 1953 954 2004 nisi
983 1948 1239 2003 haberet
1269 1953 1364 2003 cui
1393 1948 1550 2003 male
1581 1948 1893 2004 diceret'’:

348 2037 394 2088 is
425 2034 536 2089 sibi
567 2051 920 2101 responsum
949 2031 1063 2087 hoc
1092 2030 1335 2100 habeat,
1365 2035 1429 2086 in
1458 2031 1659 2087 medio
1690 2032 1964 2087 omnibus

346 2115 605 2185 palmam
637 2134 767 2171 esse
797 2119 1054 2184 positam
1083 2118 1185 2183 qui
1214 2121 1408 2170 artem
1437 2121 1703 2170 tractant
1731 2119 2034 2171 musicam.

345 2199 448 2254 ille
477 2199 554 2254 ad
584 2198 806 2253 famem
837 2198 999 2253 hunc
1028 2217 1064 2252 a
1092 2197 1292 2253 studio
1322 2196 1556 2252 studuit
1584 2201 1842 2253 reicere:

347 2282 443 2338 hic
472 2281 838 2351 respondere
868 2281 1078 2350 voluit,
1101 2300 1224 2335 non
1253 2280 1576 2336 lacessere:

348 2365 683 2420 benedictis
715 2369 762 2419 si
793 2371 1101 2432 certasset,
1131 2363 1399 2418 audisset
1427 2363 1616 2418 bene:

346 2448 507 2517 quod
536 2449 611 2503 ab
642 2447 744 2502 illo
774 2447 1120 2514 adlatumst,
1152 2447 1263 2501 sibi
1295 2464 1424 2501 esse
1454 2445 1735 2500 rellatum
1764 2451 1956 2514 putet.

345 2532 422 2587 de
453 2531 555 2586 illo
585 2535 704 2585 iam
734 2530 916 2586 finem
945 2529 1159 2584 faciam
1191 2528 1435 2584 dicundi
1466 2527 1633 2596 mihi,

345 2613 635 2684 peccandi
666 2633 847 2682 quom
877 2618 1004 2682 ipse
1036 2612 1112 2668 de
1144 2631 1207 2667 se
1239 2611 1421 2666 finem
1450 2630 1572 2666 non
1602 2610 1762 2665 facit.

348 2799 505 2835 nunc
535 2778 680 2848 quid
709 2779 890 2837 ‘celim
922 2781 1189 2832 animum
1217 2775 1551 2831 attendite:
1581 2774 1834 2844 adporto
1864 2793 2077 2829 novam

346 2863 891 2932 Epidicazomenon
922 2879 1101 2929 quam
1130 2866 1348 2914 vocant
1376 2857 1746 2913 comoediam

345 2947 595 3013 Graece,
628 2943 844 2999 Latine
875 2943 972 2998 hic
1005 2941 1429 2997 Phormionem
1456 2943 1747 3007 nominat,

347 3032 482 3098 quia
510 3030 729 3096 primas
759 3030 945 3095 partis
976 3029 1074 3093 qui
1107 3031 1269 3090 aget,
1299 3027 1349 3078 is
1379 3000 1495 3077 effi:
1527 3021 1805 3076 Phormio

341 3114 651 3179 parasituS,
682 3128 789 3178 per
820 3128 1000 3177 quem
1031 3126 1124 3162 res
1152 3113 1400 3177 geretur
1428 3122 1725 3173 maxume,

337 3191 376 3254 6

2197 1542 2269 1591 lo

2187 2367 2262 2418 20
