2404 3704
668 204 1023 262 PUBLIUS
1067 204 1538 263 TERENTIUS
1583 205 1801 262 AFER

373 343 522 378 uxor
554 327 680 378 sine
712 323 855 379 dote
886 328 1128 390 veniet,
1168 329 1331 380 intus
1361 325 1700 394 psaltriast3

375 406 586 462 domus
618 415 1000 476 sumptuosa3
1044 407 1398 463 adulescens
1428 408 1571 463 luxu
1602 407 1910 477 perditus3
2177 405 2296 468 760

376 509 562 545 senex
593 490 869 545 delirans.
947 494 1074 559 ipsa
1105 494 1153 546 si
1183 495 1386 559 cupiat
1417 490 1607 558 Salus,

376 592 610 628 servare
641 592 878 642 prorsus
907 593 1029 628 non
1060 581 1264 642 potest
1292 573 1449 628 hane
1478 573 1780 628 familiam.

1058 822 1315 919 ACTVS
1361 823 1416 878 V

110 917 280 986 Syrus
374 917 627 986 Edepol,
661 917 914 987 Syrisce,
946 925 1009 974 te
1042 923 1261 974 curasti
1290 919 1555 974 molliter

375 1012 660 1080 lauteque
690 1032 907 1068 munus
937 1012 1368 1069 administrasti
1397 1021 1596 1068 tuom:

374 1097 486 1150 abi.
564 1095 670 1151 sed
700 1104 1018 1164 postquam
1041 1100 1204 1151 intus
1228 1116 1359 1151 sum
1383 1101 1650 1152 omnium
1673 1116 1872 1152 rerum
1896 1103 2078 1166 satur,

373 1178 869 1248 prodeambulare
900 1179 1018 1234 huc
1047 1179 1382 1235 lubitumst.

113 1275 325 1330 Demea
1400 1275 1551 1331 illud
1582 1280 1658 1331 sis
1688 1275 1863 1331 vide:

374 1357 719 1427 exemplum
744 1357 1094 1427 disciplinae
1117 1358 1141 1414 ?

109 1454 280 1523 Syrus
1130 1474 1270 1509 ecoe
1303 1462 1507 1510 autem
1538 1454 1635 1508 hic
1666 1453 1840 1510 adest

372 1569 557 1606 senex
588 1557 808 1606 noster.
885 1550 1030 1619 quid
1062 1550 1170 1605 fit?
1217 1550 1361 1619 quid
1392 1558 1470 1623 tul
1492 1570 1554 1606 es
1583 1551 1815 1606 tristis?

116 1646 323 1701 Demea
1748 1645 1825 1700 oh
1857 1645 2084 1702 scelus'

110 1742 280 1810 ,Syrus
372 1741 487 1796 ohe
518 1745 635 1797 iam
661 1742 671 1797 !
717 1749 785 1797 tu
817 1743 997 1797 verba
1028 1741 1229 1796 fundis
1260 1741 1377 1812 hie,
1409 1742 1737 1810 sapientia!

110 1838 323 1892 Demea
371 1844 483 1892 tun
514 1842 562 1892 si
590 1857 760 1893 meus
791 1857 950 1893 esses
979 1880 992 1893 .
1027 1880 1041 1894 .
1075 1879 1088 1894 .
2174 1838 2294 1898 770

110 1932 281 2002 Syrus
1109 1932 1200 1988 dis
1230 1932 1476 2001 quidem
1507 1951 1685 2002 esses,
1718 1931 1971 2002 Demea,

374 2036 441 2070 ac
472 2023 639 2071 tuam
669 2035 797 2071 rem
829 2016 1284 2071 constabilisseS.

111 2111 324 2166 Demea
1303 2109 1581 2179 exemplo
1611 2110 1888 2166 omnibus

377 2226 645 2261 curarem
677 2213 746 2261 ut
777 2225 950 2261 esses,

112 2304 281 2372 Syrus
414 2350 418 2354 .
961 2321 1141 2370 quam
1171 2301 1247 2356 ob
1277 2301 1449 2356 rem?
1494 2299 1638 2369 quid
1669 2299 1830 2355 feei?

119 2400 325 2455 Demea
1836 2414 2006 2464 rogas
2025 2394 2049 2450 ?

375 2498 438 2549 in
467 2498 595 2563 ipsa
625 2494 802 2549 turba
830 2500 1013 2562 atque
1044 2497 1106 2547 in
1136 2499 1387 2561 peccato
1416 2511 1715 2560 maxumO,

376 2577 537 2646 quod
567 2581 664 2631 vix
695 2576 972 2632 sedatum
1002 2580 1143 2631 satis
1175 2583 1286 2644 est,
1318 2579 1560 2644 potasti,
1591 2574 1804 2645 sceluS,

375 2665 541 2729 quasi
571 2680 635 2715 re
667 2661 824 2715 bene
864 2667 1052 2729 gesta.

109 2757 282 2827 Syrus
1069 2774 1212 2812 sane
1243 2754 1468 2810 nollem
1497 2753 1616 2809 huc
1647 2757 1892 2810 exitum.

111 2854 241 2908 V.ii.

110 2949 324 3004 Dromo
378 2950 549 3004 Heus
581 2947 749 3018 Syre,
781 2955 956 3017 rogat
989 2954 1052 3002 te
1085 2946 1371 3015 Ctesipho
1399 2952 1470 3002 ut
1498 2943 1723 3001 redeas.

109 3043 280 3114 Syrus
1735 3040 1940 3095 abi.—

375 3149 491 3207 298
