2352 3724
89 348 132 404 Α
139 357 233 407 πίε.

89 445 229 500 Geta

114 629 232 685 (nti.

91 821 257 877 Phae.

91 916 233 972 Geta

94 1301 261 1356 Plzae.

96 1397 237 1452 Geta

97 1685 264 1740 Plzae.

99 1782 240 1837 Geta

99 1958 266 2013 Phae.

101 2053 242 2108 Geta

102 2227 267 2285 Pltae.

102 2726 278 2783 Demi.

646 233 1001 290 PUBLIUS
1047 234 1517 294 TERENTIUS
1565 237 1781 291 AFER

352 370 474 407 non
506 371 745 422 possum
775 353 1000 410 adesse.

919 449 1017 518 ah,
1049 450 1193 519 quid
1223 453 1388 521 agis?
1433 473 1551 522 quo
1581 454 1727 523 abis,
1761 453 2069 524 Antipho?

352 554 529 591 mane
560 539 820 605 inquam.

827 642 1070 700 egomet
1101 655 1197 690 me
1229 640 1366 690 novi
1399 644 1463 691 et
1493 644 1808 706 peccatum
1838 655 2070 691 meum:

354 727 519 782 vobis
552 728 908 782 commendo
948 728 1235 783 Phanium
1271 738 1334 785 et
1365 734 1548 785 vitam
1578 751 1879 786 meam.—

355 822 532 891 Geta,
564 823 709 891 quid
741 843 901 878 nunc
935 824 1075 879 fiet?

1067 927 1134 975 tu
1165 924 1282 975 iam
1312 921 1434 977 litis
1463 921 1700 989 audies;

355 1033 468 1082 ego
498 1013 729 1083 plectar
759 1015 1031 1084 pendens
1064 1020 1172 1069 nisi
1208 1017 1350 1084 quid
1383 1037 1479 1072 me
1512 1017 1816 1074 fefellerit.

355 1109 462 1165 Sed
492 1109 653 1178 quod
683 1110 861 1165 modo
892 1110 988 1165 hic
1019 1131 1127 1166 nos
1159 1112 1573 1180 Antiphonem
1608 1118 1968 1182 monuimUS,

354 1205 418 1260 id
446 1213 702 1310 nosmet6
714 1210 870 1275 ipsos
900 1205 1099 1262 facere
1130 1215 1390 1276 oportet,
1426 1208 1731 1263 Phaedria.

352 1299 522 1356 aufer
550 1320 633 1355 m1
716 1301 1038 1370 oportet'':
1070 1306 1215 1370 quin
1245 1309 1313 1357 tu
1345 1302 1490 1371 quid
1522 1302 1734 1358 faciam
1767 1307 2009 1372 impera.

357 1399 747 1465 meministin,
779 1396 921 1451 olim
952 1404 1021 1452 ut
1050 1396 1234 1452 fuerit
1269 1405 1465 1452 vostra
1495 1402 1682 1453 oratio

360 1498 420 1547 in
451 1512 514 1548 re
546 1492 895 1561 incipiunda
923 1492 999 1548 ad
1031 1492 1480 1548 defendendam
1511 1498 1770 1563 noxiam,

358 1593 574 1642 iustam
606 1588 764 1641 illam
800 1608 1056 1656 causam,
1088 1588 1345 1657 facilem,
1380 1589 1739 1657 vincibilem,
1765 1590 2115 1658 optumam?

355 1688 618 1739 memini.

617 1798 734 1847 em,
767 1799 925 1833 nunc
958 1784 1140 1847 ipsast
1170 1798 1317 1847 opus
1348 1798 1418 1834 ea
1447 1786 1571 1847 aut,
1602 1782 1650 1834 si
1681 1779 1825 1847 quid
1856 1786 2075 1848 potest,

359 1867 607 1923 meliore
639 1874 703 1922 et
738 1867 1057 1922 callidiore.

1024 1955 1128 2010 fiet
1158 1954 1382 2010 sedula

362 2070 522 2106 nunc
555 2054 714 2119 prior
743 2049 907 2104 adito
940 2058 1027 2118 tu,
1060 2069 1173 2116 ego
1205 2054 1266 2103 in
1298 2049 1525 2104 insidiis
1556 2049 1652 2104 hic
1684 2067 1786 2105 ero

362 2141 866 2206 subcenturiatuS,
897 2141 943 2192 si
975 2138 1118 2206 quid
1150 2137 1402 2192 deficias.

1390 2244 1519 2293 age.

1038 2557 1293 2614 ACTVS
1340 2555 1400 2611 II

367 2726 538 2782 Itane
569 2724 817 2782 tandem
848 2744 1096 2780 uxorem
1127 2724 1300 2778 duxit
1333 2721 1604 2791 Antipho
1635 2724 1857 2776 iniussu
1890 2722 2062 2775 meo?

360 2835 472 2870 nec
531 2834 732 2868 meum
792 2816 1128 2880 imperium,
1187 2830 1255 2865 ae
1313 2814 1491 2865 mitto
1549 2813 1886 2877 imperium,
1946 2829 2062 2862 non

443 2902 813 2958 simultatem
843 2920 1035 2954 meam

359 2993 618 3048 revereri
660 2988 903 3043 saltem!
951 3007 1070 3041 non
1114 2986 1371 3055 pudere!
1432 3004 1468 3040 ο
1509 2983 1737 3039 facinus
1777 2982 1989 3046 audax:2
2031 3003 2066 3039 ο

446 3078 604 3132 Geta

362 3167 438 3217 28

2166 2144 2282 2193 280
