2352 3724
677 246 922 303 PUBLI
933 247 1032 304 US
1077 247 1546 308 TERENTIUS
1590 249 1808 306 AFER

382 387 581 437 neque
618 367 978 436 intelleges?

129 456 297 515 Demi.
942 461 990 513 si
1020 464 1089 513 tu
1118 458 1205 513 nil
1236 459 1476 516 narras?

127 541 246 598 Chr.
1419 542 1634 612 perdis.

128 625 266 681 Nau.
1575 631 1756 684 miror
1785 629 1929 698 quid
1959 633 2089 686 siet.

127 709 300 765 Demi.
385 708 667 778 equidem
698 707 902 763 hercle
933 713 1149 765 nescio,

126 791 247 848 Chr.
871 796 971 847 vin
1002 794 1190 847 scire?
1234 800 1298 848 at
1327 797 1413 848 ita
1443 814 1540 849 me
1572 802 1770 850 servet
1802 794 2093 864 Iuppiter,

383 882 453 931 ut
482 878 721 945 propior
751 874 838 930 illi
869 895 1047 944 quam
1079 895 1192 944 ego
1223 895 1354 932 sum
1385 897 1452 931 ac
1483 885 1550 932 tu
1582 885 1834 933 nemost.

127 970 301 1027 Demi.
1511 971 1571 1027 di
1603 980 1858 1027 vostram
1892 972 2092 1041 fidem,

385 1073 589 1110 eamus
612 1054 688 1109 ad
712 1057 931 1124 ipsam:
962 1074 1082 1110 una
1104 1058 1295 1110 omnis
1319 1075 1426 1110 nos
1446 1063 1550 1111 aut
1570 1059 1719 1111 scire
1739 1063 1843 1111 aut
1862 1060 2093 1112 nescire

468 1137 582 1193 hoc
613 1137 762 1193 vo10.

123 1221 248 1280 Chr.
1997 1220 2090 1277 ah.

128 1317 301 1374 Demi.
387 1317 531 1388 quid
565 1318 694 1374 est?
2185 1323 2299 1374 810

127 1413 250 1471 Chr.
508 1417 635 1469 itan
666 1433 906 1483 parvam
936 1413 1084 1469 mihi
1116 1413 1296 1470 fidem
1329 1433 1457 1470 esse
1488 1413 1647 1484 apud
1678 1415 1773 1470 te!

127 1509 303 1566 Demi.
1554 1513 1655 1564 vin
1685 1528 1783 1564 me
1814 1508 2096 1564 credere?

388 1596 489 1648 vin
520 1596 661 1647 satis
692 1596 1030 1661 quaesitum
1059 1596 1143 1648 mi
1173 1596 1327 1649 istuc
1358 1593 1526 1649 esse?
1570 1612 1702 1661 age,
1727 1591 1846 1648 fiat.
1914 1591 2095 1660 quid?

472 1676 568 1730 illa
604 1675 722 1730 filia

388 1763 564 1815 amici
592 1762 782 1815 nostri
811 1758 957 1828 quid
987 1758 1353 1815 futurumst?

127 1845 254 1903 Chr.
1257 1849 1438 1898 recte.

127 1939 306 1997 Demi.
1367 1937 1523 1993 hanc
1553 1940 1738 2007 igitur
1766 1937 2100 1993 mittimus?

129 2037 254 2094 Chr.
390 2035 535 2106 quid
565 2036 666 2090 ni?

128 2131 307 2189 Demi.
574 2130 675 2185 illa
703 2131 984 2187 maneat?

130 2228 256 2285 Clzr.
962 2231 1061 2283 sic.

129 2323 308 2382 Demi.
1034 2326 1120 2378 ire
1152 2325 1339 2390 igitur
1366 2322 1479 2377 tibi
1510 2320 1673 2389 licet,
1706 2319 2098 2374 Nausistrata.

129 2419 277 2476 Nau.
396 2423 479 2476 sic
510 2418 609 2488 pol
641 2417 1009 2474 commodius
1041 2436 1170 2473 esse
1201 2420 1264 2472 in
1300 2420 1492 2472 omnis
1527 2416 1782 2471 arbitror
1816 2433 1993 2482 quam
2033 2419 2101 2467 ut

476 2521 777 2571 coeperaS,

392 2604 638 2641 manere
682 2583 871 2652 hanc;
914 2603 1055 2639 nam
1099 2581 1469 2653 perliberalis
1505 2583 1704 2649 visast,
1742 2597 1924 2648 quom
1958 2575 2094 2638 vidi,

475 2667 728 2723 mihi.—

131 2752 311 2810 Demi.
393 2751 540 2821 quid
569 2755 724 2807 istuc
752 2750 1060 2818 negotist?

131 2849 259 2906 Chr.
847 2848 1046 2900 iamne
1077 2847 1315 2914 operuit
1345 2842 1601 2899 ostium?

131 2942 312 3003 Demi.
1594 2940 1727 2992 iam.

132 3039 258 3096 Chr.
1741 3049 1776 3086 o
1810 3028 2100 3099 Iuppiter,

396 3210 474 3266 92
