2352 3724
92 622 140 678 Α
147 621 240 677 nti.

96 715 237 772 Geta

93 892 263 948 Plzae.

93 981 242 1037 Anti.

92 1069 263 1125 Phae.

3 1166 16 1171 ’
97 1158 238 1213 Geta

94 1247 262 1301 Phae.

92 1335 139 1390 A
148 1335 239 1390 nti.

96 1423 237 1480 Geta

92 1602 238 1657 Anti.

95 1690 237 1746 Geta

91 1778 238 1833 Anti.

94 1954 236 2011 Geta

90 2043 136 2098 A
145 2043 238 2099 nti.

93 2131 235 2187 Geta

89 2220 135 2274 A
144 2220 237 2277 nti.

92 2307 234 2363 Geta

88 2396 135 2451 A
143 2396 235 2454 nti.

93 2484 258 2540 Plzae.

86 2572 133 2626 A
142 2571 234 2627 nti.

87 2659 255 2715 Phae.

91 2746 233 2803 Geta

89 2834 236 2891 Anti.

652 238 1006 296 PUBLIUS
1051 239 1522 298 TERENTIUS
1568 242 1785 296 AFER

359 365 524 414 recte
547 378 660 427 ego
679 358 827 414 mihi
846 359 1127 416 vidissem
1148 366 1212 416 et
1230 365 1388 416 senis
1408 381 1599 417 essem
1621 362 1783 418 ultus
1801 363 2198 420 iracundiam:

356 445 582 514 aliquid
614 467 1023 503 convasassem
1052 456 1234 518 atque
1265 448 1406 504 hinc
1436 469 1534 505 me
1566 441 1904 506 conicerem
1942 471 2076 520 pro·
2170 457 2280 516 190

438 538 629 589 'cinam
658 539 720 590 in
750 535 953 604 pedes.

359 641 680 691 quamnam
710 622 808 678 hic
838 623 1044 692 fugam
1074 633 1179 680 aut
1209 625 1437 680 furtum
1469 627 1675 695 parat?

357 715 464 771 sed
505 717 606 771 ubi
648 716 1067 786 Antiphonem
1099 720 1432 787 reperiam?
1476 727 1582 774 aut
1626 740 1741 789 qua
1785 741 2073 789 quaerere

438 809 708 860 insistam
738 807 867 860 via?

355 900 416 948 te
447 896 734 949 nominat.

498 985 700 1038 nescio
719 981 879 1051 quod
900 1002 1185 1051 magnum
1206 983 1319 1039 hoc
1339 989 1553 1040 nuntio
1574 993 1858 1055 exspecto
1878 986 2114 1044 malum.

2073 1077 2164 1131 ah.

357 1157 603 1213 domum
634 1163 719 1214 ire
751 1179 1030 1227 pergam:
1061 1161 1142 1214 ibi
1176 1159 1571 1229 plurimumst.

353 1265 701 1302 revocemus
732 1247 1054 1305 hominem.

888 1343 979 1391 sta
1008 1335 1160 1393 ilico,

1069 1425 1231 1495 hem,

1165 1518 1306 1569 satis
1338 1534 1444 1583 pro
1475 1518 1746 1584 imperi0‚
1777 1518 2040 1584 quisquis
2072 1535 2149 1572 es,

361 1602 534 1658 Geta.

1354 1694 1540 1760 ipsest
1562 1711 1741 1760 quem
1762 1691 1918 1747 volui
1942 1693 2191 1750 obviam.

357 1778 527 1847 ced0,
551 1778 694 1846 quid
726 1785 947 1848 portaS,
971 1777 1255 1834 obsecro?
1282 1785 1466 1848 atque
1498 1778 1579 1848 id,
1604 1784 1649 1834 si
1675 1787 1866 1849 poteS,
1890 1781 2071 1836 verbo

438 1866 672 1934 expedi

353 1953 582 2011 faciam.

495 2043 794 2112 eloquere.

652 2131 831 2187 modo
861 2132 1016 2202 apud
1052 2140 1292 2202 portum
1322 2176 1336 2190 .
1370 2175 1386 2192 .

1240 2240 1522 2277 meumne
1540 2222 1561 2276 ?

1458 2308 1774 2364 intellexti.

1735 2395 1940 2451 occidi.

1908 2483 2063 2540 hem.

354 2570 498 2640 quid
528 2571 740 2639 agam?

638 2658 782 2728 quid
812 2659 933 2714 ais?

841 2745 1014 2802 huius
1038 2753 1271 2816 patrem
1297 2746 1512 2802 vidisse
1537 2766 1653 2814 me,
1677 2753 1950 2815 patruom
1979 2754 2160 2802 tuom.

355 2833 658 2904 namquod
703 2853 818 2903 ego
861 2833 1001 2889 huic
1048 2854 1210 2889 nunc
1257 2834 1455 2889 subito
1503 2837 1687 2888 exitio
1738 2833 2071 2890 remedium
2159 2840 2276 2889 200

437 2921 741 2973 inveniam
770 2918 988 2973 miser?

353 2999 515 3068 quod
543 3003 593 3056 si
624 3018 696 3056 eo
724 3019 896 3055 meae
921 2998 1198 3055 fortunae
1230 2998 1509 3067 redeunt,
1536 2997 1849 3068 Phanium,
1871 2999 1976 3054 abs
2006 3006 2068 3056 te

437 3088 505 3138 ut
533 3081 849 3151 distrahar,

355 3170 432 3220 24
