2352 3724
656 217 1013 278 PUBLIUS
1059 220 1529 280 TERENTIUS
1579 223 1794 279 AFER

363 339 620 396 rescindi
653 360 857 408 posse3
890 349 953 397 et
982 349 1159 411 turpe
1191 347 1514 413 inceptust.

104 421 279 478 Demi.
1518 426 1634 495 die,
1668 427 1847 485 Crito.

99 513 250 570 Crito
359 533 473 581 ego
502 514 756 583 amplius
789 514 1251 572 deliberandum
1284 536 1531 572 censeo:

362 625 455 660 res
487 613 776 673 magnast.

100 700 286 770 Hegio
790 722 934 757 num
967 701 1110 771 quid
1143 722 1249 757 nos
1283 703 1404 757 vis?

100 791 280 847 Demi.
1414 793 1636 849 fecistis
1670 794 1954 862 probe-—

362 891 647 943 incertior
677 907 808 943 sum
839 887 1031 942 multo
1064 908 1240 956 quam
1276 888 1521 943 dudum.

102 983 242 1038 Geta
1521 991 1749 1052 negant

362 1065 603 1122 redisse.

99 1149 279 1205 Demi.
618 1148 806 1204 frater
836 1156 929 1204 est
959 1149 1400 1218 exspectandus
1430 1149 1609 1204 mihi:
2175 1148 2292 1204 460

362 1236 410 1289 is
439 1230 602 1302 quod
631 1233 779 1287 mihi
811 1232 1051 1288 dederit
1084 1232 1160 1288 de
1191 1232 1303 1288 hac
1334 1252 1398 1288 re
1430 1232 1763 1301 consilium,
1795 1232 1857 1288 id
1888 1252 2118 1302 sequar.

361 1323 783 1385 percontatum
815 1317 912 1370 ibo
941 1315 1019 1371 ad
1049 1323 1310 1385 portum,
1342 1315 1538 1385 quoad
1569 1335 1632 1371 se
1663 1320 2018 1385 recipiat.—

101 1410 244 1467 Θεία
361 1419 425 1466 at
456 1430 570 1480 ego
601 1410 1021 1480 Antiphonem
1054 1430 1357 1479 quaeram,
1389 1418 1459 1466 ut
1489 1430 1643 1479 quae
1672 1418 1807 1466 acta
1838 1410 1934 1466 1110
1966 1415 2087 1466 sint

426 1498 590 1550 sciat.

361 1576 469 1635 sed
493 1597 702 1633 eccum
726 1581 920 1646 ipsum
951 1577 1126 1633 video
1156 1580 1219 1632 in
1250 1584 1522 1646 tempore
1554 1575 1671 1632 huc
1701 1595 1764 1632 se
1795 1580 1984 1645 recipt
1998 1596 2078 1632 re.

1030 1821 1288 1879 ACTVS
1338 1820 1431 1876 III

101 1925 247 1983 Anti.
348 1925 526 1980 Enim
557 1942 717 1993 ver0,
761 1923 1046 1993 Antipho,
1075 1921 1448 1978 multimodis
1479 1941 1614 1977 cum
1645 1925 1794 1977 istoc
1825 1925 2023 1977 animo
2060 1940 2123 1978 es

443 2012 757 2076 vituperali
765 2007 801 2062 d
811 2027 874 2062 us
894 2027 906 2061 ε

361 2095 526 2147 itane
557 2098 620 2146 te
658 2090 799 2145 hinc
835 2091 1028 2145 abisse
1066 2096 1130 2145 et
1166 2092 1350 2143 vitam
1389 2095 1555 2143 tuam
1595 2086 1914 2143 tutandam
1951 2085 2080 2142 aliis

428 2173 694 2230 dedisse!

360 2256 505 2313 alios
535 2265 701 2312 tuam
731 2275 859 2311 rem
890 2254 1199 2311 credidisti
1228 2257 1417 2322 magis
1448 2272 1627 2322 quam
1656 2259 1787 2308 tete
1810 2255 2076 2307 animum

443 2340 792 2395 advorsuros
809 2340 830 2393 ?

361 2443 500 2479 nam
530 2430 670 2478 utut
700 2429 873 2477 erant
901 2421 1035 2490 alia,
1059 2419 1143 2476 illi
1170 2425 1336 2476 certe
1360 2437 1514 2488 quae
1537 2436 1699 2473 nunc
1720 2418 1831 2472 tibi
1855 2417 2076 2472 domist

444 2506 804 2573 consulereS,

361 2609 439 2645 ne
463 2588 608 2658 quid
631 2595 877 2658 propter
900 2595 1066 2643 tuam
1089 2584 1270 2641 fidem
1293 2584 1550 2663 decepta
1572 2589 1885 2652 poteretur
1904 2581 2073 2645 mali;

359 2676 500 2742 quoi
543 2692 704 2727 nunc
747 2675 999 2726 miserae
1047 2688 1183 2739 spes
1230 2686 1494 2737 opesque
1541 2672 1683 2722 sunt
1730 2669 1791 2719 in
1841 2672 1902 2719 te
1950 2683 2071 2719 uno
2163 2667 2279 2724 470

443 2774 651 2810 omnes
681 2758 846 2810 sitae.

100 2838 242 2895 Geta
361 2845 425 2894 et
466 2837 732 2906 quidem,
775 2856 896 2904 ere,
937 2854 1044 2891 nos
1084 2838 1203 2889 iam
1243 2831 1475 2888 dudum
1515 2829 1612 2885 hic
1652 2836 1716 2886 te
1757 2829 2072 2884 absentem

441 2924 779 2976 incusamus
811 2923 914 2988 qui
942 2918 1175 2974 abieris,

97 3003 242 3061 Anti.
361 3010 424 3059 te
455 3007 650 3072 ipsum
681 3002 1058 3071 quaerebam.

99 3085 239 3142 Geta
833 3084 939 3140 sed
971 3103 1040 3139 ea
1071 3101 1245 3138 causa
1276 3078 1462 3136 nihilo
1495 3081 1683 3144 magis
1714 3075 2047 3132 defecimus

358 3174 433 3224 52
