2352 3724
130 859 299 915 Philo.

121 1384 259 1451 Syra

122 1663 296 1717 Philo.

119 1758 258 1823 Syra

122 2234 300 2290 Philo.

118 2331 259 2398 Syra

123 2710 235 2765 Par

125 2803 164 2858 Ι.
189 2808 227 2858 ii

676 242 1030 300 PUBLIUS
1075 243 1544 301 TERENTIUS
1590 243 1806 299 AFER

1076 695 1331 754 ACTVS
1380 695 1406 752 1

392 859 502 916 Per
532 861 629 930 pol
663 881 841 930 quam
873 882 1091 930 paucos
1122 866 1382 931 reperias
1411 866 1829 921 meretricibus

387 949 579 1005 fidelis
609 953 851 1005 evenire
880 957 1195 1018 amatoreS,
1228 950 1389 1016 Svra.

384 1037 477 1092 vel
507 1037 606 1092 hic
639 1037 985 1106 Pamphilus
1016 1039 1249 1093 iurabat
1281 1042 1565 1104 quotiens
1598 1035 1904 1103 bacchidi,

383 1145 561 1193 quam
592 1133 818 1192 sancte,
852 1133 919 1180 ut
949 1130 1140 1194 quivis
1171 1127 1346 1181 facile
1379 1135 1580 1195 posset
1611 1126 1877 1194 credere,

384 1234 709 1281 numquam
743 1213 844 1267 illa
875 1217 1006 1267 viva
1036 1213 1358 1268 ducturum
1389 1233 1636 1269 uxorem
1667 1213 1940 1269 domum!

384 1322 499 1369 em,
538 1302 724 1356 duxit.

762 1404 906 1452 ergo
936 1392 1256 1453 propterea
1286 1391 1348 1439 te
1379 1383 1589 1439 sedulo

383 1480 447 1527 et
476 1493 692 1527 moneo
725 1479 788 1527 et
818 1472 1024 1528 hortor
1053 1493 1130 1527 ne
1162 1479 1225 1527 te
1257 1475 1649 1541 quoiusquam
1679 1476 1980 1541 misereat,

382 1571 527 1636 quin
558 1568 775 1637 spolies
806 1567 1049 1623 mutiles
1078 1567 1324 1636 laceres,
1357 1587 1657 1636 quemque
1689 1575 1865 1622 nacta
1896 1572 1984 1624 sis.

388 1667 555 1717 utine
588 1666 875 1718 eximium
905 1666 1214 1718 neminem
1244 1662 1537 1717 habeam?

1545 1761 1851 1813 neminem
1878 1778 1889 1812 :

382 1873 520 1907 nam
551 1872 730 1908 nemo
760 1852 998 1907 illorum
1029 1856 1362 1921 quisquam,
1394 1855 1563 1920 scitO,
1595 1851 1671 1907 ad
1701 1860 1764 1907 te
1796 1856 1963 1908 venit

386 1952 530 2016 quin
562 1952 647 2003 ita
677 1955 850 2017 paret
879 1943 1029 2015 sese,
1062 1948 1166 2003 abs
1197 1955 1261 2003 te
1291 1954 1362 2003 ut
1391 1946 1699 2003 blanditiis
1731 1951 1851 2004 suis

384 2063 559 2111 quam
595 2048 863 2097 minumo
895 2047 1090 2111 pretio
1122 2062 1286 2098 suam
1320 2041 1692 2111 voluptatem
1727 2042 1982 2111 expleat.

385 2138 613 2193 hiscine
644 2145 712 2193 tu
744 2139 957 2192 amabo
987 2157 1110 2192 non
1142 2145 1352 2192 contra
1382 2136 1781 2192 insidiabere?

389 2240 594 2288 tamen
626 2232 725 2302 pol
759 2232 1016 2288 eandem
1047 2236 1391 2287 iniuriumst
1424 2251 1552 2287 esse
1585 2233 1875 2288 omnibus.

385 2333 666 2383 iniurium
697 2335 901 2383 autem
934 2335 1027 2383 est
1056 2327 1258 2382 ulcisci
1292 2327 1694 2382 advorsarios?

381 2432 486 2479 aut
517 2444 633 2492 qua
665 2427 756 2477 via
787 2431 849 2479 te
882 2431 1133 2492 captent
1164 2422 1376 2478 eadem
1407 2426 1564 2492 ipsos
1596 2423 1764 2492 capi?

383 2519 538 2575 eheu
570 2538 667 2574 me
699 2522 997 2587 miseram,
1031 2537 1179 2587 quor
1209 2537 1332 2572 non
1363 2525 1469 2573 aut
1498 2521 1683 2573 istaec
1713 2517 1859 2572 mihi

382 2621 546 2669 aetas
578 2621 642 2668 et
672 2613 920 2669 formast
950 2620 1056 2668 aut
1085 2614 1196 2668 tibi
1227 2612 1377 2667 haec
1407 2613 1740 2668 sententia!

389 2709 586 2765 Senex
618 2713 663 2764 si
697 2716 948 2777 quaeret
977 2728 1094 2777 me,
1125 2707 1305 2762 modo
1334 2711 1449 2763 isse
1480 2706 1666 2762 dicito

385 2803 460 2858 ad
490 2810 730 2872 portum
761 2810 1183 2872 percontatum
1211 2802 1542 2859 adventum
1575 2800 1886 2871 Pamphili.

383 2898 565 2954 audin
596 2898 740 2966 quid
771 2898 984 2964 dicam,
1018 2897 1250 2953 Scirte?
1293 2900 1342 2953 si
1372 2904 1624 2966 quaeret
1652 2916 1769 2965 me,
1799 2899 1886 2952 uti

382 3000 513 3048 tum
544 2992 736 3058 dicas;
782 2997 828 3048 si
861 3013 982 3047 non
1014 3000 1283 3061 quaeret,
1315 2992 1516 3047 nullus
1547 2991 1787 3060 dixeriS,

378 3087 522 3143 alias
553 3094 622 3142 ut
653 3091 742 3141 uti
776 3090 996 3155 possim
1029 3106 1204 3142 causa
1233 3085 1345 3140 hac
1377 3090 1628 3151 integra.

388 3176 497 3223 132

2225 1034 2303 1094 60

2231 2142 2307 2199 70

2220 3095 2296 3144 80
