2352 3724
666 241 1021 300 PUBLIUS
1065 244 1536 303 TERENTIUS
1582 246 1798 303 AFER

374 363 421 415 si
452 358 650 416 faeere
682 365 902 430 possim
933 362 1058 418 ullo
1087 365 1281 419 mod0.

112 439 321 496 Laches
1038 466 1190 515 quae
1222 467 1317 503 res
1346 455 1411 503 te
1441 447 1641 505 facere
1672 448 1736 506 id
1766 449 2085 519 prohibet?

376 524 513 595 ehO,
543 546 691 582 num
721 527 865 595 quid
898 548 1036 583 nam
1066 538 1308 585 accusat
1337 531 1567 586 virum?

109 605 231 662 Phi.
967 616 1252 668 minume.
1332 634 1470 667 nam
1504 621 1822 683 postquam
1852 615 2089 671 attendi

373 696 564 761 magis
594 700 659 749 et
689 697 744 748 vi
777 699 947 762 coepi
980 715 1195 763 cogere
1227 704 1301 750 ut>
1327 697 1570 764 rediret,
1604 705 1811 753 sancte
1841 698 2078 755 adiurat

373 795 495 831 non
526 795 699 846 posse
729 778 890 846 apud
915 798 1016 833 vos
1045 778 1356 847 Pamphilo
1380 799 1442 835 se
1466 781 1719 836 absente
1743 781 2085 850 perdurare.

372 859 535 914 aliud
579 858 831 915 fortasse
877 860 1008 916 aliis
1057 866 1162 916 viti
1210 869 1332 917 est:
1385 882 1499 931 ego
1539 883 1670 918 sum
1717 868 1917 919 animo
1963 864 2086 920 leni

440 950 645 997 natus:

374 1045 497 1080 non
529 1045 768 1094 possum
798 1026 1099 1082 advorsari
1130 1031 1296 1083 meis,

115 1107 323 1164 Laches
1196 1129 1314 1178 em,
1346 1111 1630 1167 Sostrata.

109 1192 197 1246 So,
1502 1194 1619 1249 heu
1652 1214 1749 1250 me
1780 1196 2087 1250 miseram'

115 1274 324 1330 Laches
375 1282 689 1331 Certumne
722 1283 817 1331 est
846 1277 1038 1331 istuc?

116 1358 143 1412 I
149 1357 234 1413 ’lzzl
591 1378 753 1413 nunc
787 1359 1032 1427 quidem
1064 1367 1133 1414 ui:
1163 1359 1432 1415 videtur:
1478 1360 1584 1415 sed
1615 1380 1761 1415 num
1791 1360 1936 1429 quid
1967 1361 2091 1417 vis?

374 1461 513 1496 nam
545 1449 638 1496 est
667 1442 826 1510 quod
859 1462 955 1498 me
986 1447 1240 1498 transire
1270 1443 1346 1498 ad
1378 1442 1568 1498 forum
1603 1447 1715 1497 iam
1749 1451 2004 1512 oportet.

115 1525 324 1580 Laches
1611 1546 1682 1581 eo
1714 1534 1916 1581 tecum
1948 1547 2081 1582 una.

109 1609 198 1663 So,
374 1607 606 1677 Edepol
645 1628 723 1663 ne
762 1628 869 1664 nos
907 1628 1109 1664 sumus
1145 1612 1351 1678 inique
1388 1628 1580 1677 aeque
1617 1629 1826 1664 omnes
1862 1613 2086 1665 invisae

113 1691 259 1746 II.iii
458 1694 597 1747 viris

375 1781 623 1843 propter
651 1794 889 1844 paucas,
913 1794 1067 1843 quae
1098 1794 1307 1831 omnes
1331 1774 1562 1829 faciunt
1585 1774 1806 1844 dignae
1829 1781 1899 1830 ut
1921 1775 2085 1830 vide-

457 1877 627 1913 amur
653 1857 826 1912 malo,

377 1961 515 1994 nam
552 1945 637 1996 ita
673 1960 771 1996 me
808 1941 869 1996 di
905 1948 1132 2010 ament,
1170 1940 1332 2010 quod
1367 1959 1466 1996 me
1502 1947 1743 1996 accusat
1784 1959 1945 1996 nunc
1980 1943 2087 2009 vir,

458 2043 589 2079 sum
620 2031 790 2079 extra
819 2028 1074 2079 noxiam.

378 2106 485 2163 sed
510 2127 632 2162 non
655 2106 892 2162 facilest
915 2114 1284 2176 expurgatu:
1321 2109 1407 2161 ita
1427 2109 1694 2161 animum
1718 2105 2088 2161 induxerunt

458 2210 659 2246 socrus

377 2277 569 2329 omnis
617 2292 747 2329 esse
793 2276 1057 2342 iniquas:
1109 2272 1272 2327 haud
1319 2271 1419 2340 pol
1467 2290 1565 2327 me
1613 2271 1857 2340 quidem
1875 2289 1888 2336 ;
1946 2290 2084 2327 nam

456 2375 784 2425 numquam
814 2375 984 2411 secus

376 2438 558 2495 habui
588 2439 751 2494 illam
782 2459 850 2494 ac
882 2444 929 2494 si
960 2458 1033 2494 ex
1064 2457 1162 2493 me
1193 2445 1334 2493 nata
1366 2444 1544 2504 esset,
1576 2456 1689 2492 nec
1720 2440 1821 2505 qui
1852 2435 1965 2491 hoc
2002 2438 2079 2490 mi

460 2527 702 2578 eveniat
732 2525 884 2588 scio;

378 2609 494 2661 nisi
537 2605 636 2674 pol
685 2604 869 2660 filium
898 2603 1269 2660 multimodis
1299 2606 1416 2658 iam
1449 2609 1732 2671 exspecto
1764 2608 1832 2655 ut
1877 2601 2083 2656 redcat

455 2688 718 2744 domum.

1034 2851 1292 2908 ACTVS
1338 2849 1432 2906 III

117 3022 263 3076 Pam.
373 3021 616 3077 Nemini
658 3039 772 3088 ego
809 3019 978 3087 plura
1019 3038 1092 3074 ex
1132 3035 1334 3073 amore
1373 3015 1587 3072 acerba
1627 3013 1807 3070 eredo
1849 3015 2071 3069 nomini

457 3123 741 3172 umquam
763 3102 964 3157 oblata

372 3193 488 3245 15⁰

2175 870 2293 925 270

2172 2607 2288 2655 280
