2430 3710
710 223 1066 282 PUBLIUS
1111 224 1581 283 TERENTIUS
1628 226 1844 282 AFER

152 346 284 398 Can.
410 343 510 413 pol
540 347 589 400 is
619 343 865 413 quidem
895 348 1013 400 iam
1043 343 1142 400 hic
1165 345 1392 412 aderit3
1421 365 1562 401 nam
1592 365 1919 415 numquam
1944 367 2130 403 unum

496 429 852 483 intermittit
881 427 1044 484 diem

415 513 560 579 quin
591 530 829 580 semper
858 515 1077 567 veniat.

151 592 222 649 82
828 594 986 650 solus
1015 614 1285 650 mearum
1314 599 1746 652 miseriarumst
1775 596 2125 651 remedium.

154 677 285 731 (Ian.
417 695 450 731 e
471 695 535 732 re
556 684 699 732 nata
720 677 935 733 melius
960 678 1086 733 fieri
1106 678 1269 734 haud
1286 683 1486 749 potuit
1506 699 1685 747 quam
1704 678 2010 747 factumst,
2036 699 2154 748 era,

417 760 657 829 quando
701 764 914 815 vitium
959 761 1309 833 oblatumst,
1352 762 1513 832 quod
1565 762 1642 818 ad
1688 762 1858 818 illum
1907 767 2132 818 attinet

501 847 916 913 potissumum,

417 926 623 995 talem,
666 926 774 983 tali
819 932 1065 996 ingenio
1108 936 1291 998 atque
1334 932 1554 999 animO,
1590 936 1800 985 natum
1845 948 1918 984 ex
1962 936 2134 984 tanta

501 1010 741 1066 familia.

162 1093 226 1149 S'o
415 1097 500 1148 ita
530 1094 628 1162 pol
661 1101 754 1150 est
783 1101 853 1150 ut
876 1094 1053 1150 dicis:
1085 1095 1274 1151 salvos
1298 1096 1470 1151 nobis
1493 1095 1638 1151 deos
1662 1115 1882 1165 quaeso
1905 1102 1974 1150 ut
1998 1099 2127 1150 siet.

159 1177 299 1232 Geta
419 1177 597 1232 Nunc
638 1176 787 1232 illud
829 1185 942 1247 est,
973 1198 1174 1248 quom,
1205 1182 1253 1234 si
1284 1182 1483 1234 omnia
1512 1198 1721 1235 omnes
1751 1199 1855 1234 sua
1891 1178 2135 1234 consilia

162 1260 315 1315 [II.ii
502 1260 819 1315 conferant

416 1351 600 1413 atque
620 1343 759 1399 huic
778 1344 936 1399 malo
955 1344 1212 1400 salutem
1232 1352 1544 1414 quaerant,
1563 1344 1745 1399 auxili
1764 1344 1847 1399 nil
1869 1344 2167 1412 adferant,
2222 1349 2332 1399 30(

417 1427 578 1496 quod
597 1427 865 1496 mihique
887 1447 1144 1497 eraeque
1166 1428 1442 1496 filiaeque
1463 1428 1667 1484 erilist.
1717 1447 1824 1483 vae
1843 1432 2061 1483 misero
2081 1427 2226 1482 mihi
2253 1428 2262 1459 '

419 1518 513 1566 tot
541 1530 637 1566 res
668 1519 923 1580 repente
955 1511 1408 1567 circumvallant
1438 1531 1500 1567 se
1538 1511 1700 1567 unde
1744 1515 1970 1580 emergi
2013 1530 2131 1565 non

501 1601 741 1663 potest:

419 1681 504 1733 vis
535 1685 772 1746 egestas
803 1681 1096 1734 iniustitia
1126 1677 1386 1733 solitudo
1416 1677 1674 1732 infamia.

420 1760 635 1816 hocine
676 1761 974 1816 saeclum!
1049 1781 1083 1817 o
1123 1761 1370 1831 scelera,
1411 1781 1445 1816 o
1484 1781 1710 1830 genera
1750 1760 2059 1831 sacrilega,
2098 1779 2133 1815 o

503 1843 811 1900 hominem
842 1845 1107 1914 inpium!

163 1927 242 1986 So.
416 1947 515 1984 me
544 1931 842 1997 miseram,
875 1928 1162 1997 quidnam
1194 1935 1288 1984 est
1327 1926 1487 1997 quod
1524 1931 1606 1982 sic
1643 1926 1817 1982 video
1853 1926 2131 1982 timidum

504 2019 581 2067 et.
597 2019 1024 2081 properantem
1056 2011 1275 2066 Getam
1299 2011 1321 2065 ?

165 2094 299 2150 Geta
417 2114 598 2164 quem
629 2115 827 2163 neque
860 2094 1006 2150 fides
1038 2115 1234 2163 neque
1270 2098 1357 2150 ius
1389 2093 1705 2149 iurandum
1735 2111 1933 2162 neque
1964 2092 2132 2146 illurn

506 2177 911 2233 misericordia

418 2264 703 2330 repressit
724 2281 923 2330 neque
955 2259 1189 2316 reflexit
1218 2279 1417 2329 neque
1449 2259 1609 2329 quod
1639 2266 1844 2329 partus
1868 2259 2131 2313 instabat

502 2363 710 2413 prope,

419 2431 558 2496 quoi
588 2432 840 2483 miserae
871 2426 1121 2496 indigne
1153 2446 1261 2496 per
1289 2430 1409 2482 vim
1439 2430 1651 2481 vitium
1681 2425 1997 2480 obtulerat.

161 2510 241 2567 So,
1685 2527 1807 2564 non
1837 2507 2131 2575 intellego

418 2597 561 2650 satis
591 2613 744 2663 quae
774 2593 1054 2662 loquitur.

157 2676 288 2733 Can.
847 2681 1089 2746 propius
1120 2676 1367 2732 obsecro
1396 2674 1769 2743 accedamuS,
1801 2674 2082 2732 Sostrata.

157 2760 298 2816 Geta
2053 2754 2130 2811 ah

414 2863 512 2898 me
570 2847 873 2911 miserum,
925 2845 1024 2897 vix
1082 2861 1214 2898 sum
1272 2860 1514 2912 compos
1559 2843 1762 2909 animi,
1815 2843 1902 2896 ita
1946 2838 2128 2895 ardeo
2216 2843 2332 2892 310

496 2925 818 2981 iracundia.

415 3008 495 3063 nil
530 3016 624 3064 est
653 3007 814 3076 quod
843 3006 1049 3063 malim
1072 3026 1250 3077 quam
1281 3006 1446 3062 illam
1468 3013 1662 3064 totam
1683 3004 1967 3060 familiam
2000 3003 2127 3060 dari

498 3095 579 3146 mi
609 3092 865 3159 obviam,

413 3179 531 3230 248
