2352 3724
607 226 962 284 PUBLIUS
1007 226 1478 283 TERENTIUS
1525 225 1742 282 AFER

315 348 450 418 fuit,
509 347 653 403 dum
708 351 885 414 vixit3
952 354 1017 404 et
1073 350 1177 417 qui
1227 350 1312 403 sic
1362 353 1505 402 sunt
1556 345 1717 401 haud
1769 346 2030 401 multum
2119 342 2237 401 460

398 430 690 487 heredem
720 434 950 499 iuvant,

316 516 440 654 Sibli)
453 514 779 616 veronhanc
808 512 1051 569 laudem
1076 512 1424 582 relinquont
1449 497 1486 523 “
1502 514 1667 581 vixit,
1692 510 1836 567 dum
1862 515 2028 579 vixit,

444 617 574 654 ene.

61 682 269 740 Laches
317 689 450 737 tum
478 689 547 736 tu
577 683 764 748 igitur
791 678 877 734 nil
908 678 1167 735 attulisti
1198 678 1332 748 plus
1364 698 1483 733 una
1512 677 1624 732 hac
1655 677 1997 733 sententia?

63 768 212 825 Pam.
321 763 613 834 quidquid
645 771 738 819 est
773 762 855 832 id,
887 761 1048 831 quod
1078 762 1343 831 reliquit,
1376 760 1616 830 profuit.

54 849 269 906 Laches
1599 848 1783 898 immo
1813 841 2037 908 obfuit3

326 950 463 986 nam
493 930 664 985 illum
694 933 891 984 vivom
923 936 987 985 et
1018 927 1241 984 salvom
1273 926 1509 982 vellem.

60 1016 184 1074 Phi.
1186 1014 1414 1080 inpune
1445 1017 1653 1079 optare
1683 1012 1837 1064 istuc
1865 1008 2039 1062 licet:

327 1098 426 1154 ille
452 1100 769 1153 reviviscet
791 1100 905 1150 iam
933 1112 1294 1163 numquam3
1327 1101 1391 1149 et
1415 1100 1622 1148 tamen
1645 1099 1846 1147 utrum
1871 1090 2042 1145 malis

411 1184 544 1235 scio,

64 1265 277 1323 Laches
327 1265 458 1319 heri
492 1262 910 1318 Philumenam
940 1259 1017 1315 ad
1048 1280 1110 1316 se
1142 1263 1362 1314 accersi
1395 1258 1492 1313 hic
1522 1260 1707 1313 iussit.
1800 1254 1895 1310 die
1928 1258 2042 1309 ius-

397 1351 539 1403 sisse
571 1354 651 1401 te.

69 1432 189 1489 Phi.
331 1431 451 1486 noli
485 1429 710 1485 fodere.
786 1431 942 1484 iussi.

69 1516 279 1572 Laches
963 1509 1069 1566 sed
1101 1529 1234 1564 eam
1264 1512 1382 1563 iam
1412 1510 1703 1562 remittet.

75 1600 191 1656 Phi.
1720 1587 1963 1643 scilicet.

64 1684 224 1739 Pam.
334 1699 576 1737 omnem
626 1698 755 1734 rem
804 1681 924 1734 scio
971 1683 1041 1731 ut
1087 1679 1165 1731 sit
1211 1682 1413 1743 gesta:
1475 1672 1802 1728 adveniens
1848 1669 2044 1725 audivi

418 1762 612 1818 modo,

72 1848 285 1906 Laches
336 1855 400 1904 at
430 1851 574 1902 istos
604 1843 836 1900 invidos
867 1842 928 1898 di
959 1840 1237 1912 perdant,
1270 1843 1372 1909 qui
1401 1837 1553 1894 haec
1582 1837 1865 1893 lubenter
1893 1854 2047 1890 nun-

422 1934 594 1984 tiant.

75 2017 230 2073 Pam.
340 2033 453 2081 ego
484 2031 581 2067 me
612 2014 732 2066 scio
763 2011 986 2065 cavisse
1016 2027 1094 2063 ne
1124 2006 1248 2062 ulla
1276 2007 1493 2061 merito
1523 2000 1889 2058 contumelia

343 2096 465 2152 fieri
504 2116 538 2149 a
575 2095 739 2149 vobis
775 2098 1009 2162 posset3
1053 2089 1235 2158 idque
1282 2092 1330 2144 si
1374 2106 1535 2143 nunc
1579 2102 1910 2140 memorare
1954 2081 2053 2137 hic

426 2178 624 2245 velim,

344 2281 523 2333 quam
553 2259 715 2315 fideli
747 2262 946 2313 animo
978 2264 1040 2312 et
1072 2257 1337 2323 benigno
1368 2257 1430 2308 in
1467 2251 1630 2307 illam
1669 2257 1732 2305 et
1769 2248 2053 2304 clementi

428 2346 535 2412 sui,

345 2447 485 2486 vere
522 2444 781 2495 possum,
813 2427 876 2478 ni
907 2430 971 2479 te
1003 2441 1075 2477 ex
1108 2425 1234 2489 ipsa
1265 2419 1413 2474 haec
1443 2420 1633 2485 magis
1664 2414 1841 2470 velim
1881 2414 2056 2467 resci-

431 2527 627 2575 scere3

348 2610 608 2661 namque
641 2610 711 2646 eo
742 2596 919 2659 pacto
942 2603 1222 2642 maxume
1245 2582 1406 2653 apud
1429 2590 1493 2638 te
1516 2600 1653 2636 meo
1678 2583 1793 2636 erit
1816 2579 2060 2646 ingenio

433 2676 599 2743 fides,

351 2779 532 2831 quom
562 2757 685 2825 illa,
715 2773 870 2824 quae
900 2771 1062 2807 nunc
1092 2754 1155 2805 in
1184 2768 1282 2804 me
1313 2750 1594 2816 iniquast‚
1626 2763 1816 2813 aequa
1852 2741 1928 2798 de
1966 2758 2062 2796 me

436 2842 671 2896 dixerit.

352 2943 553 2993 neque
581 2940 718 2977 mea
748 2918 924 2988 culpa
952 2916 1067 2972 hoc
1096 2913 1414 2971 discidium
1454 2913 1744 2977 evenisse,
1776 2907 1839 2963 id
1874 2912 2066 2962 testor

438 3007 598 3061 deos·

355 3090 462 3148 sed
488 3084 727 3157 quando
751 3102 880 3140 sese
906 3100 1034 3138 esse
1059 3079 1370 3147 indignam
1395 3075 1671 3146 deputat,
1697 3076 1871 3128 matri
1898 3087 2067 3126 meae

361 3177 477 3235 170

2141 2003 2258 2056 470
