2352 3724
97 340 157 397 N
153 362 241 398 au.

97 423 272 479 Demi.

95 505 220 562 Chr.

100 672 159 726 N
155 693 243 728 au.

98 754 258 810 Phor.

104 1003 154 1059 N
156 1025 244 1059 au.

100 1252 260 1308 Phor.

99 1335 242 1389 Nau.

102 1418 260 1473 Phor.

101 1666 159 1721 N
155 1686 242 1723 au.

99 1748 248 1805 Plzor

99 1832 244 1888 Nau.

103 1914 277 1970 Demi.

101 1996 160 2052 N
157 2018 245 2053 au.

104 2162 265 2219 Phor.

102 2244 307 2301 Cantor

650 220 1005 279 PUBLIUS
1049 221 1520 279 TERENTIUS
1566 221 1782 277 AFER

362 341 532 400 Satin
564 342 770 397 tibist?

735 427 892 480 satis.

891 511 1074 563 immo
1104 527 1245 564 vero
1275 508 1524 578 pulchre
1554 509 1798 567 discedo
1822 518 1886 567 et
1908 512 2090 580 probe

360 597 424 645 et
455 597 692 658 praeter
723 609 906 659 spem.

790 679 855 727 tu
886 679 1054 727 tuom
1086 692 1309 728 nomen
1338 672 1435 727 dic
1464 672 1613 728 mihi
1643 673 1788 742 quid
1817 678 1909 729 sit.

1766 755 2071 812 Phormio:

359 847 591 895 vostrae
650 838 909 892 familiae
969 837 1171 893 hercle
1236 841 1460 893 amicus
1525 844 1590 893 et
1646 844 1751 893 tuo
1809 858 2072 894 summus

444 920 786 976 Phaedriae.

371 1003 662 1070 Phormio,
694 1011 757 1058 at
794 1022 907 1071 ego
945 1009 1175 1058 ecastor
1212 1002 1460 1071 posthac
1496 1002 1608 1058 tibi
1644 1002 1806 1071 quod
1841 1009 2071 1071 potere,
2122 1009 2276 1059 1050

442 1086 602 1153 quod
634 1085 792 1141 voles

362 1168 694 1236 faciamque
726 1176 788 1223 et
826 1168 1035 1224 dicam.

976 1253 1239 1319 benigne
1272 1251 1433 1308 dicis,

1383 1335 1482 1403 pol
1514 1338 1854 1391 meritumst
1881 1343 2066 1392 tuom.

364 1422 460 1472 vin
486 1421 740 1486 primum
771 1417 949 1472 hodie
975 1416 1171 1473 faeere
1197 1417 1353 1485 quod
1382 1437 1494 1484 ego
1520 1418 1834 1486 gaudeam,
1861 1419 2070 1474 Nausi-

441 1508 644 1567 Strata,

361 1590 425 1639 et
455 1583 614 1651 quod
644 1590 750 1638 tuo
783 1586 904 1637 viro
935 1582 1088 1637 oculi
1121 1582 1404 1638 doleant?

1327 1669 1515 1735 cupi0.

1426 1768 1522 1803 me
1553 1748 1629 1804 ad
1658 1767 1869 1805 cenam
1900 1769 2055 1805 voca.

364 1831 461 1895 ool
495 1851 635 1888 vero
664 1850 825 1888 voco.

783 1933 985 1970 eamus
1014 1921 1174 1969 lntro
1204 1913 1360 1968 hine.

1255 1995 1372 2052 fiat.
1449 1995 1555 2052 sed
1586 1997 1746 2052 ubist
1785 1995 2067 2051 Phaedria

360 2079 542 2136 iudex
571 2080 812 2136 noster?

789 2164 906 2216 iam
939 2159 1034 2215 hic
1066 2159 1200 2215 faxo
1230 2159 1439 2216 aderit.

1353 2262 1454 2298 vos
1484 2241 1680 2298 valete
1710 2248 1775 2298 et
1803 2239 2088 2304 niaudnte.

368 3167 477 3219 ยน13
