2352 3724
697 242 1050 301 PUBLIUS
1095 242 1563 301 TERENTIUS
1609 242 1826 298 AFER

406 370 469 418 te
499 362 644 417 mihi
680 363 917 419 fidelem
948 383 1077 419 esse
1106 384 1297 433 aeque
1327 371 1510 433 atque
1542 371 1786 432 egomet
1815 383 1945 419 sum
1975 363 2119 419 mihi

405 471 642 526 scibam.
731 471 833 526 ille
864 475 912 526 si
941 491 1039 527 me
1068 471 1299 528 alienus
1328 471 1588 527 adfinem
1618 471 1799 540 volet,

405 579 649 646 tacebit,
680 578 824 634 dum
854 579 1195 635 intercedet
1225 579 1622 645 familiaritas3

406 689 496 740 sin
527 691 818 754 spreverit
847 707 964 755 me,
996 687 1128 755 plus
1159 707 1337 755 quam
1367 707 1515 756 opus
1546 694 1638 742 est
1666 691 1815 744 scito
1845 692 2009 744 sciet.

407 812 731 861 vereorque
764 814 840 849 ne
872 815 1018 849 uxor
1047 795 1244 863 aliqua
1274 794 1386 850 hoc
1416 799 1696 850 resciscat
1723 815 1887 851 mea:

405 900 562 967 quod
594 905 641 955 si
672 901 756 969 fit,
790 909 857 956 ut
885 922 982 957 me
1014 907 1312 958 excutiam
1342 910 1524 971 atque
1556 902 1829 972 egrediar
1858 903 2056 972 donm,

403 1006 466 1062 id
495 1015 711 1075 restat3
741 1029 879 1063 nam
911 1029 1024 1077 ego
1053 1029 1323 1064 meorum
1353 1010 1510 1065 solus
1540 1030 1670 1066 sum
1699 1031 1883 1067 meus.

151 1112 322 1170 Demi.
406 1118 526 1170 scio
556 1119 640 1170 ita
671 1135 798 1171 esse
833 1124 896 1171 et
926 1121 1110 1172 istaec
1140 1117 1287 1171 mihi
1318 1138 1412 1173 res
1442 1118 1909 1188 sollicitudinist‚

404 1242 599 1290 neque
632 1223 954 1279 defetiscar
983 1244 1170 1292 usque
1201 1225 1352 1280 adeo
1384 1229 1727 1294 experirier,

411 1332 604 1387 donec
634 1332 746 1386 tibi
776 1330 838 1386 id
862 1331 1024 1400 quod
1053 1331 1358 1401 pollicitus
1387 1351 1520 1387 sum
1550 1330 1821 1388 effecero,
2195 1335 2310 1392 590

159 1444 298 1497 Gela
407 1452 537 1521 Ego
570 1451 879 1507 hominem
911 1452 1281 1509 callidiorem
1312 1453 1434 1508 vidi
1464 1455 1774 1508 neminem

164 1558 309 1615 IV.ii
405 1581 584 1630 quam
618 1560 1061 1617 Phormionem.
1148 1566 1325 1617 venio
1354 1561 1431 1617 ad
1458 1561 1789 1629 hominem,
1825 1568 1891 1616 ut
1920 1561 2182 1615 dicerem

408 1677 732 1739 argentum
762 1689 911 1739 opus
942 1690 1072 1726 esse
1104 1677 1168 1725 et
1196 1670 1259 1725 id
1289 1691 1407 1739 quo
1438 1678 1615 1740 pacto
1647 1670 1839 1726 fieret.

402 1781 496 1830 vix
527 1776 670 1831 dum
701 1774 1015 1830 dimidium
1046 1773 1331 1840 dixeram,
1362 1769 1777 1826 intellexerat:

400 1883 721 1951 gaudebat,
753 1902 850 1937 me
882 1881 1183 1949 laudabat,
1216 1879 1544 1948 quaerebat
1572 1896 1795 1933 senem.

402 1991 492 2046 dis
521 1994 740 2059 gratias
769 1990 990 2057 agebat
1018 1996 1257 2057 tempus
1288 1987 1398 2043 sibi
1429 1985 1575 2054 dari,

404 2099 504 2153 ubi
539 2097 865 2153 Phaedriae
897 2115 1026 2152 esse
1057 2094 1409 2150 ostenderet
1438 2092 1561 2148 nilo
1591 2096 1787 2147 minus

404 2208 661 2260 amicum
691 2223 820 2259 sese
851 2223 1031 2271 quam
1061 2201 1415 2270 Antiphoni.
1507 2199 1815 2254 hominem
1844 2197 1921 2254 ad
1951 2196 2146 2253 forum

403 2315 543 2368 iussi
579 2314 867 2381 opperiri:
914 2330 985 2365 eo
1014 2329 1112 2365 me
1145 2328 1273 2364 esse
1304 2308 1705 2363 adducturum
1735 2325 1958 2362 senem.

404 2419 507 2475 sed
531 2438 737 2474 eccum
756 2421 967 2487 ipsum.
1031 2420 1161 2485 quis
1181 2423 1274 2471 est
1292 2415 1577 2470 ulterior?
1607 2420 1764 2468 attat
1785 2411 2113 2467 Phaedriae
2200 2407 2315 2465 600

406 2534 577 2595 pater
606 2529 788 2581 venit.
879 2523 986 2580 sed
1016 2523 1161 2592 quid
1191 2525 1474 2592 pertimui
1504 2528 1708 2576 autem
1738 2519 1951 2576 belua?

405 2654 481 2688 an
512 2637 649 2702 quia
679 2652 825 2701 quos
857 2631 1059 2686 fallam
1089 2650 1196 2700 pro
1226 2649 1347 2685 uno
1377 2628 1496 2684 duo
1526 2635 1668 2684 sunt
1696 2630 1779 2682 mi
1810 2626 1972 2682 dati?

405 2739 771 2796 commodius
802 2758 931 2794 esse
962 2741 1172 2807 opinor
1201 2735 1426 2806 duplici
1455 2754 1560 2804 spe
1589 2738 1763 2790 utier.

408 2855 609 2917 petam
640 2846 781 2901 hinc
811 2846 973 2901 unde
1003 2866 1037 2900 a
1065 2849 1258 2915 primo
1286 2846 1512 2900 institi:
1555 2845 1604 2898 is
1635 2846 1682 2898 si
1713 2841 1837 2910 dat,
1868 2848 1960 2897 sat
1989 2847 2112 2908 est3

149 2957 245 3012 IV.
269 2958 331 3010 iii
408 2957 456 3010 si
485 2954 560 3008 ab
591 2972 662 3008 eo
691 2952 775 3007 nil
807 2952 930 3020 fiet,
960 2959 1092 3007 tum
1121 2950 1283 3006 hunc
1312 2949 1544 3005 adoriar
1571 2948 1888 3018 hospitem.

147 3063 291 3120 Anti.
411 3060 711 3129 Exspecto
740 3079 919 3121 Quam
947 3079 1084 3115 mox
1115 3062 1368 3128 recipiat
1395 3076 1525 3114 sese
1558 3057 1730 3115 Geta.

408 3166 484 3223 68
