2352 3724
117 1410 261 1470 Anti.

116 1604 294 1662 Demi.

116 1699 258 1757 Geta

116 1868 295 1926 Demi.

118 1963 260 2020 Geta

116 2059 295 2117 Demi.

115 2226 240 2284 Chr.

116 2321 258 2379 Geta

117 2611 293 2669 Demi.

112 2802 237 2859 Chr.

115 2980 153 3035 Α
162 2979 255 3038 nti.

672 219 916 274 PUBLI
926 221 1025 277 US
1070 220 1430 277 TERENTI
1443 224 1539 280 US
1584 225 1802 279 AFER

379 355 500 392 non
529 343 891 409 suscepisse:
935 344 1243 398 inventast
1271 362 1424 411 quae
1454 343 1663 400 dotem
1692 345 1921 414 petat.'’

379 432 449 482 ut
475 424 553 482 ad
583 447 772 497 pauca
801 429 1064 499 redeam,
1097 451 1165 486 ac
1190 427 1434 487 >mittam
1463 432 1621 489 illius
1652 437 1928 503 ineptias,

377 513 527 571 haec
557 516 820 586 denique
853 522 980 575 eius
1009 518 1126 575 fuit
1155 527 1458 589 postrema
1487 526 1706 578 oratio:

382 589 593 673 “ego''
628 610 828 676 inquit
859 593 943 663 “a
972 612 1266 678 principio
1294 613 1470 665 amici
1500 610 1700 681 filiam,

379 697 464 749 ita
492 702 563 750 ut
590 715 846 765 aequom
876 696 1093 766 fuerat,
1124 697 1284 755 volui
1314 718 1562 754 uxorem
1592 699 1845 768 ducere;

380 802 520 839 nam
548 784 697 840 mihi
728 787 974 842 venibat
1002 791 1065 841 in
1096 795 1368 843 mentem
1399 791 1525 844 eius
1555 791 2020 860 incommodum,

380 876 442 927 in
472 877 827 930 servitutem
856 895 1186 946 pauperem
1214 875 1292 932 ad
1321 876 1513 933 ditem
1543 877 1684 934 dari.

381 961 488 1018 sed
515 966 599 1019 mi
629 983 778 1033 opus
809 972 957 1034 erat,
988 972 1058 1021 ut
1086 973 1297 1035 aperte
1327 966 1440 1021 tibi
1469 986 1630 1022 nunc
1661 967 1912 1037 fabuler,

378 1050 819 1121 aliquantulum
849 1073 1002 1123 quae
1032 1053 1301 1110 adferret
1331 1058 1433 1124 qui
1463 1054 1850 1113 dissolverem

380 1159 532 1208 quae
563 1141 788 1197 debeo:
835 1150 899 1198 et
930 1147 1114 1198 etiam
1143 1163 1324 1211 nunc,
1357 1147 1405 1198 si
1435 1143 1561 1198 volt
1593 1143 1896 1213 Demipho

379 1228 521 1285 dare
552 1239 846 1300 quantum
876 1233 951 1286 ab
982 1231 1093 1287 hac
1122 1236 1349 1302 accipio
1380 1253 1531 1302 quae
1563 1242 1836 1302 sponsast
1865 1234 2033 1304 mihi,

378 1317 606 1375 nullam
635 1320 784 1375 mihi
815 1321 1021 1377 malim
1051 1341 1230 1390 quam
1260 1325 1452 1378 istanc
1482 1342 1729 1378 uxorem
1762 1322 1946 1378 dari.’'

380 1422 583 1471 utrum
613 1417 874 1472 stultitia
903 1417 1102 1473 facere
1134 1437 1249 1486 ego
1278 1417 1442 1473 hunc
1471 1437 1550 1473 an
1573 1418 1802 1473 malitia

377 1510 591 1580 dicam,
624 1517 918 1569 scientem
948 1533 1026 1568 an
1055 1513 1507 1583 inprudentem,
1538 1517 1803 1570 incertus
1834 1533 1980 1571 sum.

379 1607 524 1676 quid
555 1612 602 1663 si
633 1612 895 1664 animam
926 1609 1149 1665 debet?

1162 1690 1200 1716 “
1217 1724 1362 1774 ager
1391 1710 1699 1775 oppositus
1729 1709 1963 1776 pignori

376 1785 592 1844 decem
621 1787 699 1844 ob
727 1792 920 1845 minas
950 1787 1101 1846 est.''

1111 1891 1225 1941 age
1255 1891 1389 1942 age,
1420 1875 1539 1927 iam
1569 1872 1780 1928 ducat:
1825 1872 1994 1929 dabo.

381 1951 739 2024 “aediculae
770 1972 920 2025 item
949 1975 1092 2024 sunt
1121 1968 1198 2024 ob
1228 1966 1442 2024 decem
1470 1967 1672 2024 alias.”

1693 2068 1828 2130 oiei,

376 2150 703 2203 nimiumst.

728 2251 806 2287 ne
838 2231 1056 2286 clama:
1101 2235 1365 2301 repetito
1394 2230 1572 2287 hasce
1602 2251 1637 2286 a
1666 2251 1763 2286 me
1794 2230 2022 2287 decem.

380 2310 598 2382 “uxori
631 2327 893 2383 emunda
921 2326 1291 2395 ancillulast3
1334 2334 1466 2382 tum
1497 2325 1765 2396 pluscula

376 2421 754 2491 supellectile
785 2442 934 2492 opus
964 2430 1088 2491 est3
1132 2442 1281 2491 opus
1312 2429 1405 2478 est
1435 2429 1678 2490 sumptu
1708 2421 1784 2476 ad
1815 2425 2083 2491 nuptias:

375 2516 469 2573 his
498 2518 676 2574 rebus
707 2538 849 2574 sane
879 2538 1055 2588 porro
1085 2517 1292 2587 pone''
1326 2520 1524 2586 inquit
1556 2503 1877 2572 “decem.”

377 2621 680 2670 sescentas
710 2613 963 2684 proinde
995 2614 1238 2669 scribito
1268 2616 1386 2668 iam
1415 2611 1564 2667 mihi
1594 2611 1786 2668 dicas:

374 2709 460 2764 nil
490 2708 584 2765 do,
660 2713 974 2779 inpuratus
1003 2728 1102 2765 me
1132 2708 1235 2764 ille
1266 2715 1336 2763 ut
1366 2711 1550 2763 etiam
1579 2706 1880 2763 inrideat?

374 2823 614 2874 quaese,
647 2824 761 2874 ego
791 2805 966 2874 dabo,
998 2807 1269 2874 quiesce:
1313 2810 1382 2859 tu
1411 2801 1590 2858 modo
1620 2801 1808 2858 filium

374 2898 465 2955 fac
494 2907 566 2955 ut
594 2899 760 2955 illam
791 2899 992 2969 ducat,
1024 2918 1134 2955 nos
1163 2918 1342 2968 quam
1371 2897 1660 2953 volumus·

1671 2983 1726 3036 ei
1755 2979 1903 3036 mihi

373 3065 550 3135 Geta,
584 3065 856 3122 occidisti
883 3084 983 3122 me
1012 3067 1133 3122 tuis
1164 3063 1427 3120 fallaciis.

370 3179 447 3230 74

2176 612 2296 672 650

2178 1513 2297 1572 660
