2352 3724
649 214 1003 275 PUBLIUS
1047 216 1410 275 TERENTI
1420 219 1519 277 US
1564 220 1776 276 AFER

94 336 219 393 Chr.
356 357 491 393 mea
522 357 697 394 causa
728 342 972 395 eicitur:
1016 359 1114 396 me
1145 339 1258 396 hoc
1290 348 1384 397 est
1411 361 1668 411 aequom
1696 348 1994 399 amittere.

95 445 237 501 Geta
356 431 701 515 “quantum
731 454 935 516 potest
963 467 1062 503 me
1093 448 1458 505 certiorem''
1492 453 1690 518 inquit
1721 435 1919 518 “faee,

356 557 402 610 si
435 555 598 610 illam
627 554 795 624 dant,
828 554 984 611 hanc
1013 563 1084 612 ut
1112 560 1372 626 mittam,
1403 576 1482 613 ne
1513 560 1778 614 incertus
1808 563 1991 626 siem;

356 682 494 718 nam
527 663 612 718 illi
642 662 790 719 mihi
821 663 1030 720 dotem
1060 667 1178 720 iam
1210 669 1658 721 constituerunt
1686 665 1888 722 dare.''

94 770 219 827 Chr.
355 773 474 826 iam
502 758 789 841 accipiat}
835 770 953 827 illis
984 772 1305 842 repudium
1338 778 1680 841 renuntiet;

354 878 510 935 hanc
541 878 738 935 ducat.

94 986 273 1044 Demi.
767 1007 919 1058 quae
951 988 1198 1058 quidem
1228 988 1315 1044 illi
1346 1009 1440 1046 res
1471 997 1669 1047 vortat
1697 991 1885 1048 male!

93 1094 220 1152 Chr.
356 1103 695 1166 opportune
726 1095 879 1152 adeo
909 1103 1231 1164 argentum
1262 1116 1423 1150 nunc
1453 1116 1689 1152 meeum
1721 1096 1918 1165 attuli,
1980 1163 2002 1177 β

355 1202 619 1260 fructum
650 1223 831 1273 quem
863 1202 1080 1259 Lemni
1111 1208 1310 1259 uxoris
1341 1203 1607 1260 reddunt
1636 1203 1909 1274 praedia:
2159 1202 2277 1261 680

358 1310 502 1369 inde
533 1331 798 1380 sumam3
842 1315 1008 1367 uxori
1043 1312 1155 1368 tibi
1186 1331 1334 1382 opus
1367 1331 1496 1368 esse
1528 1312 1750 1368 dixero·

93 1407 258 1465 IV.iv
307 1425 309 1427 ·

91 1503 239 1560 Anti.
363 1503 536 1559 Geta.

96 1598 238 1655 Geta
577 1598 732 1656 hem.

91 1707 239 1764 Anti.
746 1707 892 1778 quid
925 1710 1141 1776 egisti?

95 1816 237 1873 Geta
1153 1820 1398 1873 emunxi
1429 1824 1682 1886 argento
1712 1837 1901 1874 senes,

93 1912 241 1970 Anti.
359 1917 517 1970 satin
548 1920 642 1970 est
670 1913 772 1970 id?

98 2010 239 2065 Geta
780 2013 983 2066 nescio
1015 2009 1250 2066 hercle:
1296 2017 1534 2065 tantum
1565 2013 1754 2066 iussus
1786 2030 1933 2066 sum.

96 2104 241 2161 Anti.
362 2105 496 2174 eh0,
528 2105 798 2174 verbero,
829 2105 992 2160 aliud
1024 2105 1172 2160 mihi
1203 2105 1529 2175 re³p011des
1560 2125 1627 2160 ac
1658 2107 1842 2174 rogo?

98 2201 240 2257 Geta
360 2201 504 2271 quid
536 2221 679 2270 ergo
710 2202 949 2257 narras?

99 2295 242 2353 Anti.
941 2297 1085 2365 quid
1118 2316 1230 2365 ego
1262 2297 1534 2352 narrem?
1578 2316 1757 2366 opera
1786 2306 1890 2351 tua

359 2392 437 2449 ad
467 2396 674 2448 restim
702 2392 847 2447 mihi
882 2393 1125 2462 quidem
1159 2412 1250 2448 res
1281 2392 1439 2448 redit
1468 2392 1848 2462 planissume.

360 2495 430 2544 ut
458 2495 522 2544 'ce
553 2487 798 2557 quidem
830 2488 891 2543 di
922 2488 1193 2557 deaeque
1224 2507 1431 2543 omnes
1462 2491 1660 2557 superi
1691 2487 1868 2543 inferi

363 2583 531 2640 malis
561 2583 853 2653 exemplis
882 2583 1170 2653 perdant!
1203 2602 1319 2652 em,
1351 2586 1400 2639 si
1430 2582 1574 2652 quid
1603 2582 1768 2651 velis,

363 2679 499 2735 huic
528 2678 779 2735 mandes
809 2683 911 2748 qui
941 2686 1005 2735 te
1035 2679 1112 2734 ad
1142 2677 1451 2748 scopulum
1483 2698 1516 2733 e
1547 2676 1870 2746 tranquillo
1900 2676 2147 2733 auferat.

359 2773 506 2844 quid
533 2777 732 2831 minus
761 2773 975 2830 utibile
1005 2773 1123 2829 fuit
1151 2793 1331 2843 quam
1359 2772 1474 2829 hoc
1503 2772 1671 2828 ulcus
1701 2780 1952 2840 tangere
2163 2770 2279 2836 690

360 2877 466 2926 aut
493 2873 803 2925 nominare
833 2869 1118 2925 uxorem?
1149 2872 1429 2924 iniectast
1458 2887 1592 2937 spes
1622 2870 1774 2937 patri

361 2984 531 3034 posse
560 2964 726 3019 illam
756 2964 1013 3020 extrudi.
1103 2963 1253 3020 cedo
1282 2983 1444 3019 nunc
1473 2982 1679 3033 porro:
1718 2961 1991 3018 Phormio

359 3058 567 3117 dotem
595 3063 644 3116 si
673 3062 948 3129 accipiet,
979 3078 1128 3114 uxor
1157 3058 1493 3115 ducendast
1521 3058 1795 3114 domuum

360 3166 438 3226 '76
