2352 3724
159 385 304 442 Anti.

161 481 302 537 Geta

162 825 307 882 Anti.

164 921 327 1002 Phae.

163 1016 305 1072 Geta

166 1348 341 1403 Demz.

166 1622 291 1678 Chr.

164 1716 344 1773 Demi.

168 1812 292 1868 Chr.

170 2178 349 2236 Demi.

173 2358 298 2414 Clzr.

172 2451 351 2508 Demi.

175 2547 302 2604 Chr.

179 2830 354 2888 Demi.

178 2926 304 2983 Clzr.

710 261 1063 319 PUBLIUS
1108 259 1576 317 TERENTIUS
1622 259 1839 315 AFER

424 404 569 439 num
593 382 739 452 quid
765 389 858 438 est
881 380 1041 450 quod
1063 399 1198 436 mea
1222 399 1403 449 opera
1426 398 1574 449 opus
1598 379 1764 434 vobis
1789 380 1901 434 sit?

1384 474 1500 540 nil;
1536 494 1742 529 verum
1766 474 1861 528 abi
1885 474 2128 529 domum

419 570 484 619 et
523 562 685 617 illam
725 564 1023 627 miseram,
1053 578 1233 628 quam
1275 577 1388 626 ego
1430 577 1590 613 nune
1633 561 1795 612 intus
1837 561 1957 612 seio
1999 575 2127 612 esse

506 648 907 700 exanimatam
935 650 1123 710 metu,

422 727 742 784 consolare.
820 726 1048 781 cessas?

975 819 1126 876 nihil
1151 826 1244 876 est
1265 839 1455 888 aeque
1478 818 1638 888 quod
1659 818 1871 873 faciam
1896 818 2126 874 lubens.

420 939 536 988 qua
554 937 648 973 v1a
670 922 822 973 istuc
848 916 1067 972 facies?

953 1011 1148 1067 dicam
1167 1014 1229 1065 in
1249 1014 1401 1065 itere
1421 1030 1432 1064 :
1463 1009 1642 1065 modo
1662 1015 1724 1064 te
1746 1008 1885 1064 hinc
1902 1026 2128 1065 amove.

1091 1201 1348 1258 ACTVS
1382 1200 1467 1255 IV

427 1345 626 1416 Quid?
689 1365 805 1414 qua
863 1342 1168 1413 profectus
1233 1361 1407 1397 causa
1471 1340 1613 1396 hine
1678 1359 1742 1396 es
1810 1339 2117 1407 Lemnum2

510 1441 813 1509 ChremeS,

423 1537 717 1594 adduxtin
747 1542 949 1591 tecum
980 1534 1197 1589 filiam?

1192 1636 1330 1672 non.

1331 1710 1478 1780 quid
1507 1714 1592 1767 ita
1623 1710 1783 1766 non?

422 1817 738 1879 postquam
759 1808 927 1864 videt
957 1827 1053 1863 me
1084 1810 1210 1863 eius
1237 1814 1435 1862 :nater
1465 1825 1592 1861 esse
1623 1805 1721 1861 hie
1751 1804 1994 1872 diutius,

428 1905 600 1960 simul
630 1911 835 1959 autem
864 1923 986 1958 non
1015 1904 1300 1965 manebat
1328 1909 1493 1957 aetas
1523 1904 1768 1969 virginis
2227 1901 2344 1960 570

427 2020 622 2055 meam
653 1998 1117 2066 neclegentiam,
1150 2001 1338 2066 ipsam
1370 2016 1506 2051 cum
1537 1999 1699 2051 omni
1730 1994 1954 2050 familia

429 2095 504 2150 ad
535 2114 632 2150 me
664 2093 995 2162 profectam
1027 2112 1156 2148 esse
1187 2093 1407 2147 aibant.

1429 2173 1574 2243 quid
1603 2173 1690 2228 illi
1719 2180 1843 2228 tam
1874 2172 1975 2228 diu

431 2279 650 2329 quaeso
680 2262 864 2327 igitur
895 2258 1355 2325 commorabare,
1386 2257 1489 2312 ubi
1518 2256 1581 2312 id
1609 2255 1957 2312 audiveras?

429 2355 526 2425 pol
558 2374 655 2410 me
687 2354 951 2409 detinuit
978 2353 1235 2408 morbus,

1261 2446 1463 2503 unde?
1492 2453 1598 2502 aut
1626 2446 1766 2516 qui?

1749 2539 1958 2609 rogas?

434 2647 711 2696 senectus
742 2643 927 2708 ipsast
953 2637 1210 2694 morbus
1300 2636 1407 2693 sed
1437 2639 1670 2692 venisse
1701 2654 1800 2692 eas

435 2734 622 2792 salvas
649 2733 849 2790 audivi
880 2752 954 2789 ex
983 2740 1167 2788 nauta
1197 2735 1298 2802 qui
1331 2731 1460 2787 illas
1490 2737 1752 2787 vexerat.

438 2829 581 2899 quid
609 2836 794 2898 gnato
825 2828 1113 2896 obtigerit
1140 2846 1238 2883 me
1267 2826 1519 2882 absente
1549 2825 1788 2893 audisti,
1821 2823 2146 2897 Chremes?

433 2924 593 2994 quod
622 2943 720 2979 me
750 2922 995 2992 quidem
1025 2921 1252 2978 factum
1282 2920 1490 2977 consili
1518 2923 1818 2975 incertum
1847 2918 2008 2975 facit.

436 3039 574 3074 nam
603 3017 760 3073 hanc
789 3016 1202 3073 condicionem
1232 3019 1281 3071 si
1311 3018 1450 3084 quoi
1478 3013 1675 3070 tulero
1705 3017 1981 3081 extrariO,

436 3132 554 3183 quo
583 3118 759 3181 pacto
787 3118 894 3167 aut
921 3110 1083 3167 unde
1113 3110 1260 3166 mihi
1291 3114 1369 3166 sit
1398 3108 1727 3166 dicundum
1756 3107 1965 3164 ordine
1996 3114 2103 3164 est.
2235 3109 2352 3164 58ss

437 3193 516 3252 66
