2352 3724
117 360 282 416 Phae.

116 455 292 511 Dorio

114 551 281 607 Phae.

114 646 294 703 Dorio

116 743 282 799 Phae.

118 935 292 990 Dorio

114 1030 259 1088 Anti.

116 1223 257 1279 Geta

118 1319 280 1375 Phae.

117 1416 142 1468 I
148 1415 291 1471 >orio

117 1512 143 1565 I
146 1511 281 1568 'kae⁸

120 1606 291 1662 Dorio

118 1705 141 1758 Ι
148 1703 282 1760 'baa

116 1798 291 1855 Dorio

118 1896 141 1949 I
149 1895 281 1950 'kaeu

118 1992 144 2044 I
148 1989 291 2046 )orio

120 2088 140 2141 Ι
146 2087 281 2142 ’hae

116 2181 290 2238 Dorio

116 2278 280 2333 Phae.

110 2372 289 2428 Dorio

113 2468 279 2524 Phae.

113 2651 289 2708 Dorio

108 2925 152 2980 Α
160 2924 253 2980 nti.

109 3014 273 3068 Phae.

108 3102 245 3158 Gela

672 240 916 297 PUBLI
928 242 1027 299 US
1072 241 1543 301 TERENTIUS
1590 245 1804 299 AFER

375 360 513 416 audi
548 361 708 430 quod
741 362 953 420 dicam.

674 464 739 513 at
769 461 931 513 enim
962 458 1174 515 taedet
1202 463 1320 515 iam
1349 460 1557 516 audire
1590 461 1802 517 eadem
1834 461 2069 521 miliens

373 559 437 608 at
467 572 628 614 nunc
660 552 856 607 dicam
888 553 1049 622 quod
1079 553 1363 611 lubenter
1394 555 1613 611 audias,

1607 651 1872 720 loquere,
1898 652 2091 708 audio·

374 764 496 798 non
527 763 683 813 queo
714 752 777 800 te
810 763 1054 801 exorare
1086 752 1156 801 ut
1185 765 1428 802 maneas
1464 746 1727 802 triduom
1769 745 1920 802 hoc?
1977 767 2096 816 quo

460 860 620 894 nunc
652 841 814 895 abis?

374 935 631 990 mirabar
661 939 709 991 si
740 943 806 991 tu
838 936 985 991 mihi
1018 940 1336 1006 quicquam
1367 936 1635 994 adferres
1666 941 1819 995 novi.

1847 1036 1925 1104 ei,

375 1133 584 1183 metuo
613 1126 897 1183 lenonem
929 1147 1007 1183 ne
1039 1127 1184 1197 quid
1230 1172 1241 1184 .
1292 1172 1303 1185 .
1354 1172 1366 1184 .

962 1243 1068 1279 suo

377 1318 643 1374 nondum
675 1317 824 1374 mihi
855 1318 1086 1375 credis?

373 1701 750 1756 faeneratum
782 1704 935 1756 istuc
967 1702 1085 1756 ben

1099 1231 1233 1279 suat
1265 1225 1485 1293 capiti?
1532 1224 1693 1280 idem
1725 1244 1838 1294 ego
1870 1244 2078 1281 vereor

1093 1414 1400 1471 hariolare.

1410 1514 1501 1566 sin
1533 1510 1712 1566 fidem
1743 1510 1859 1567 do?

1848 1606 2100 1662 fabulae.

1092 1700 1326 1756 eficium
1361 1701 1611 1771 pulchre
1642 1702 1754 1758 tibi
1784 1702 1963 1758 dices

1952 1797 2090 1866 logi.

373 1892 551 1948 crede
572 1892 738 1962 mihi,
759 1892 1050 1961 gaudebis
1072 1892 1262 1950 facto:
1296 1912 1502 1948 verum
1525 1893 1727 1949 hercle
1748 1892 1861 1948 hoc
1882 1901 1990 1949 est.

1846 1992 2089 2044 somnia.

372 2088 677 2154 experire:
723 2103 844 2138 non
877 2091 970 2139 est
1001 2083 1263 2150 longum.

372 2283 438 2331 tu
471 2274 617 2330 mihi
649 2282 959 2342 cognatus,
993 2281 1058 2329 tu

1227 2178 1589 2233 cantilenam
1623 2178 1879 2234 eandem
1910 2182 2085 2233 canis.

1093 2292 1328 2343 parens,
1360 2280 1428 2329 tu
1458 2278 1702 2342 amicUS‚
1735 2281 1802 2329 tu
1848 2317 1860 2329 .
1911 2317 1922 2329 .
1974 2317 1986 2330 .

1699 2373 1856 2437 garri
1886 2368 2079 2424 modO.

370 2466 563 2521 adeon
596 2470 841 2533 ingenio
873 2484 1002 2520 esse
1034 2465 1184 2519 duro
1214 2472 1277 2519 te
1307 2472 1489 2532 atque
1520 2464 1890 2532 inexorabili,

374 2563 442 2610 ut
466 2573 662 2623 neque
687 2552 1092 2608 misericordia
1115 2572 1313 2620 neque
1337 2551 1615 2621 precibus
1633 2550 1850 2606 molliri
1870 2551 2081 2620 queas!

374 2650 568 2706 adeon
600 2656 663 2704 'ce
696 2668 825 2703 esse
856 2651 1294 2716 incogitantem
1322 2654 1506 2716 atque
1530 2645 1930 2716 inpudentem
1953 2651 2082 2702 sine

432 2808 435 2810 v
454 2737 652 2806 mod0‚

2183 945 2300 1003 490

369 2834 440 2883 ut
457 2826 782 2896 phaleratis
800 2824 982 2880 ducas
1001 2823 1178 2880 dictis
1195 2843 1293 2879 me
1314 2830 1378 2879 et
1396 2842 1590 2878 meam
1611 2822 1823 2878 ductes
1841 2823 2076 2891 gratiis!
2167 2828 2284 2879 500
2348 2798 2352 2799 ἶ

372 2924 781 2976 miseritumst.

698 3011 773 3075 ei,
806 3009 959 3062 veris
989 3004 1221 3061 vincor!

369 3178 445 3239 56

1161 3111 1339 3159 quam
1370 3099 1685 3160 uterques’c
1716 3092 1920 3148 similis
1957 3092 2076 3148 sui'
