2352 3724
634 250 990 308 PUBLIUS
1036 250 1507 307 TERENTIUS
1552 249 1772 305 AFER

342 376 532 443 primo
562 378 701 427 actu
731 370 957 441 placeo,
1049 390 1231 440 quom
1261 374 1496 425 interea
1525 389 1726 425 rumor
1755 372 1922 426 venit

341 456 549 511 datum
588 458 658 508 iri
688 453 1072 523 gladiatoreS,
1105 453 1360 522 populus
1392 452 1688 521 convolat,

342 537 791 594 tumultuantur
821 536 1086 592 clamant
1115 543 1392 605 pugnant
1423 535 1499 591 de
1532 535 1692 591 loco:

341 641 455 690 ego
485 625 719 675 interea
748 638 953 674 meum
983 639 1106 674 non
1137 622 1307 688 potui
1336 622 1521 674 tutari
1553 618 1767 674 locum.

341 724 501 759 nunc
531 704 708 759 turba
739 722 857 756 non
892 710 1014 757 est:
1059 706 1250 757 otium
1281 708 1346 758 et
1374 701 1772 758 silentiumst:

340 786 561 856 agendi
591 794 831 854 tempus
862 785 1008 839 mihi
1041 784 1339 849 datumst;
1385 785 1550 840 vobis
1580 784 1758 840 datur

342 877 607 939 potestas
638 868 1075 923 condecorandi
1107 867 1279 922 ludos
1309 871 1626 923 scaenicos
1922 906 1944 927 .
2026 881 2032 889 ’

341 953 530 1008 nolite
561 956 757 1007 sinere
787 970 897 1021 per
927 970 1028 1007 vos
1057 959 1251 1006 artem
1281 954 1569 1006 musicam

341 1035 609 1091 recidere
638 1033 716 1090 ad
745 1052 995 1103 paucos:
1039 1033 1222 1089 facite
1252 1041 1322 1088 ut
1351 1041 1550 1089 vostra
1577 1036 1902 1088 auctoritas

340 1138 512 1174 meae
542 1120 889 1173 auctoritati
919 1115 1142 1172 fautrix
1172 1116 1556 1185 adiutrixque
1586 1119 1679 1172 sit.

340 1205 388 1258 si
418 1220 748 1269 numquam
777 1219 953 1255 avare
982 1203 1247 1269 pretium
1278 1203 1462 1255 statui
1491 1202 1607 1255 arti
1634 1218 1805 1254 meac

341 1292 406 1340 et
428 1304 567 1340 eum
591 1302 720 1339 esse
745 1290 1062 1360 quaestum
1084 1286 1146 1336 in
1170 1286 1438 1337 animum
1459 1281 1670 1337 induxi
1692 1301 2057 1348 maxumum,

341 1387 521 1436 quam
549 1385 829 1421 maxume
860 1369 1081 1421 servire
1112 1369 1325 1420 vostris
1357 1364 1713 1420 commodis:

343 1454 522 1506 sinite
551 1453 877 1518 impetrare
907 1468 1026 1517 me,
1059 1452 1161 1517 qui
1191 1452 1252 1502 in
1284 1447 1542 1503 tutelam
1571 1466 1768 1503 meam

342 1534 607 1589 studium
639 1552 807 1587 suom
839 1539 903 1587 et
932 1551 995 1587 se
1026 1535 1090 1586 in
1121 1539 1381 1587 vostram
1412 1533 1710 1586 commisit
1741 1529 1939 1596 fidem,

343 1637 418 1672 ne
450 1635 588 1671 eum
619 1619 1097 1670 circumventum
1125 1617 1331 1683 inique
1360 1617 1550 1682 iniqui
1579 1612 1898 1668 inrideant.

341 1719 476 1754 mea
504 1718 680 1754 causa
709 1717 947 1753 causam
975 1700 1231 1766 accipite
1263 1704 1327 1752 et
1355 1696 1497 1752 date
1528 1695 1855 1763 silentium,

342 1790 409 1837 ut
439 1782 646 1837 lubeat
674 1781 934 1836 scribere
963 1779 1092 1835 aliis
1122 1778 1390 1849 mihique
1420 1786 1489 1834 ut
1518 1778 1747 1834 discere

341 1884 522 1921 novas
553 1863 838 1935 expediat
866 1862 1117 1934 posthac
1147 1866 1345 1932 pretio
1373 1870 1607 1931 emptas
1636 1880 1787 1916 meo.

356 3153 461 3202 130

2195 455 2270 509 40

2190 1284 2268 1335 50
