<?xml version="1.0" encoding="UTF-8"?>
<!DOCTYPE html PUBLIC "-//W3C//DTD XHTML 1.0 Transitional//EN"
    "http://www.w3.org/TR/xhtml1/DTD/xhtml1-transitional.dtd">
<html xmlns="http://www.w3.org/1999/xhtml" xml:lang="en" lang="en">
 <head>
  <title>
</title>
<meta http-equiv="Content-Type" content="text/html;charset=utf-8" />
  <meta name='ocr-system' content='tesseract 3.04.00' />
  <meta name='ocr-capabilities' content='ocr_page ocr_carea ocr_par ocr_line ocrx_word'/>
</head>
<body>
  <div class='ocr_page' id='page_1' title='image "./terence00tereuoft_0276.png"; bbox 0 0 2404 3704; ppageno 0'>
   <div class='ocr_carea' id='block_1_1' title="bbox 144 419 353 571">
    <p class='ocr_par' dir='ltr' id='par_1_1' title="bbox 144 419 353 571">
     <span class='ocr_line' id='line_1_1' title="bbox 148 419 353 473; baseline 0.005 -2"><span class='ocrx_word' id='word_1_1' title='bbox 148 419 353 473; x_wconf 79' lang='lat' dir='ltr'><em>Demea</em></span> 
     </span>
     <span class='ocr_line' id='line_1_2' title="bbox 144 499 330 571; baseline 0.005 -16"><span class='ocrx_word' id='word_1_2' title='bbox 144 501 209 556; x_wconf 89' lang='lat' dir='ltr'><em>H</em></span> <span class='ocrx_word' id='word_1_3' title='bbox 208 499 330 571; x_wconf 88' lang='lat' dir='ltr'><em>egio</em></span> 
     </span>
    </p>
   </div>
   <div class='ocr_carea' id='block_1_2' title="bbox 146 668 353 820">
    <p class='ocr_par' dir='ltr' id='par_1_2' title="bbox 146 668 353 820">
     <span class='ocr_line' id='line_1_3' title="bbox 146 668 353 723; baseline 0.005 -1"><span class='ocrx_word' id='word_1_4' title='bbox 146 668 353 723; x_wconf 81' lang='lat' dir='ltr'><em>Demea</em></span> 
     </span>
     <span class='ocr_line' id='line_1_4' title="bbox 146 750 330 820; baseline 0.005 -15"><span class='ocrx_word' id='word_1_5' title='bbox 146 750 330 820; x_wconf 81' lang='lat' dir='ltr'><em>Hegio</em></span> 
     </span>
    </p>
   </div>
   <div class='ocr_carea' id='block_1_3' title="bbox 147 1584 356 1736">
    <p class='ocr_par' dir='ltr' id='par_1_3' title="bbox 147 1584 356 1736">
     <span class='ocr_line' id='line_1_5' title="bbox 151 1584 356 1637; baseline 0 0"><span class='ocrx_word' id='word_1_6' title='bbox 151 1584 356 1637; x_wconf 80' lang='lat' dir='ltr'><em>Demea</em></span> 
     </span>
     <span class='ocr_line' id='line_1_6' title="bbox 147 1665 330 1736; baseline 0.005 -16"><span class='ocrx_word' id='word_1_7' title='bbox 147 1665 330 1736; x_wconf 83' lang='lat' dir='ltr'><em>Hegio</em></span> 
     </span>
    </p>
   </div>
   <div class='ocr_carea' id='block_1_4' title="bbox 147 2084 356 2649">
    <p class='ocr_par' dir='ltr' id='par_1_4' title="bbox 147 2084 356 2649">
     <span class='ocr_line' id='line_1_7' title="bbox 148 2084 289 2137; baseline 0 0"><span class='ocrx_word' id='word_1_8' title='bbox 148 2084 289 2137; x_wconf 80' lang='lat' dir='ltr'><em>Geta</em></span> 
     </span>
     <span class='ocr_line' id='line_1_8' title="bbox 149 2249 356 2304; baseline 0.005 -2"><span class='ocrx_word' id='word_1_9' title='bbox 149 2249 356 2304; x_wconf 84' lang='lat' dir='ltr'><em>Demea</em></span> 
     </span>
     <span class='ocr_line' id='line_1_9' title="bbox 148 2415 298 2470; baseline 0.013 -2"><span class='ocrx_word' id='word_1_10' title='bbox 148 2415 298 2470; x_wconf 84' lang='lat' dir='ltr'><em>Pam.</em></span> 
     </span>
     <span class='ocr_line' id='line_1_10' title="bbox 147 2581 330 2649; baseline -0.005 -14"><span class='ocrx_word' id='word_1_11' title='bbox 147 2581 330 2649; x_wconf 80' lang='lat' dir='ltr'><em>Hegio</em></span> 
     </span>
    </p>
   </div>
   <div class='ocr_carea' id='block_1_5' title="bbox 146 2746 328 2900">
    <p class='ocr_par' dir='ltr' id='par_1_5' title="bbox 146 2746 328 2900">
     <span class='ocr_line' id='line_1_11' title="bbox 147 2746 287 2803; baseline 0.007 -1"><span class='ocrx_word' id='word_1_12' title='bbox 147 2746 287 2803; x_wconf 80' lang='lat' dir='ltr'><em>Geta</em></span> 
     </span>
     <span class='ocr_line' id='line_1_12' title="bbox 146 2830 328 2900; baseline 0.011 -16"><span class='ocrx_word' id='word_1_13' title='bbox 146 2830 328 2900; x_wconf 82' lang='lat' dir='ltr'><em>Hegio</em></span> 
     </span>
    </p>
   </div>
   <div class='ocr_carea' id='block_1_6' title="bbox 403 339 2120 3146">
    <p class='ocr_par' dir='ltr' id='par_1_6' title="bbox 403 339 2120 3146">
     <span class='ocr_line' id='line_1_13' title="bbox 410 339 656 390; baseline 0.004 -2"><span class='ocrx_word' id='word_1_14' title='bbox 410 339 656 390; x_wconf 84' lang='lat' dir='ltr'><em>vitiavit.</em></span> 
     </span>
     <span class='ocr_line' id='line_1_14' title="bbox 660 417 815 474; baseline 0.013 -2"><span class='ocrx_word' id='word_1_15' title='bbox 660 417 815 474; x_wconf 90' lang='lat' dir='ltr'><em>hem.</em></span> 
     </span>
     <span class='ocr_line' id='line_1_15' title="bbox 829 502 1926 574; baseline 0.004 -18"><span class='ocrx_word' id='word_1_16' title='bbox 829 522 1005 557; x_wconf 90' lang='lat' dir='ltr'><em>mane</em></span> <span class='ocrx_word' id='word_1_17' title='bbox 1030 522 1042 557; x_wconf 91' lang='lat'>:</span> <span class='ocrx_word' id='word_1_18' title='bbox 1073 521 1194 557; x_wconf 88' lang='lat' dir='ltr'><em>non</em></span> <span class='ocrx_word' id='word_1_19' title='bbox 1225 502 1368 558; x_wconf 90' lang='lat' dir='ltr'><em>dum</em></span> <span class='ocrx_word' id='word_1_20' title='bbox 1401 503 1641 573; x_wconf 85' lang='lat' dir='ltr'><em>audisti,</em></span> <span class='ocrx_word' id='word_1_21' title='bbox 1674 503 1926 574; x_wconf 81' lang='lat' dir='ltr'><em>Demea,</em></span> 
     </span>
     <span class='ocr_line' id='line_1_16' title="bbox 405 584 1166 653; baseline 0.003 -15"><span class='ocrx_word' id='word_1_22' title='bbox 405 584 564 653; x_wconf 88' lang='lat' dir='ltr'><em>quod</em></span> <span class='ocrx_word' id='word_1_23' title='bbox 597 591 690 640; x_wconf 87' lang='lat' dir='ltr'><em>est</em></span> <span class='ocrx_word' id='word_1_24' title='bbox 717 588 1166 653; x_wconf 87' lang='lat' dir='ltr'><em>gravissumum.</em></span> 
     </span>
     <span class='ocr_line' id='line_1_17' title="bbox 1053 671 2120 740; baseline 0.004 -18"><span class='ocrx_word' id='word_1_25' title='bbox 1053 688 1131 723; x_wconf 91' lang='lat' dir='ltr'><em>an</em></span> <span class='ocrx_word' id='word_1_26' title='bbox 1154 672 1473 737; x_wconf 85' lang='lat' dir='ltr'><em>quicquam</em></span> <span class='ocrx_word' id='word_1_27' title='bbox 1499 677 1591 724; x_wconf 83' lang='lat' dir='ltr'><em>est</em></span> <span class='ocrx_word' id='word_1_28' title='bbox 1615 673 1798 724; x_wconf 82' lang='lat' dir='ltr'><em>etiam</em></span> <span class='ocrx_word' id='word_1_29' title='bbox 1821 671 2075 740; x_wconf 88' lang='lat' dir='ltr'><em>amplius</em></span> <span class='ocrx_word' id='word_1_30' title='bbox 2097 671 2120 726; x_wconf 90' lang='lat'>?</span> 
     </span>
     <span class='ocr_line' id='line_1_18' title="bbox 405 750 2119 823; baseline 0.003 -19"><span class='ocrx_word' id='word_1_31' title='bbox 405 770 543 806; x_wconf 90' lang='lat' dir='ltr'><em>vero</em></span> <span class='ocrx_word' id='word_1_32' title='bbox 585 750 878 820; x_wconf 89' lang='lat' dir='ltr'><em>amplius;</em></span> <span class='ocrx_word' id='word_1_33' title='bbox 922 771 1062 806; x_wconf 88' lang='lat' dir='ltr'><em>nam</em></span> <span class='ocrx_word' id='word_1_34' title='bbox 1106 750 1219 806; x_wconf 90' lang='lat' dir='ltr'><em>hoc</em></span> <span class='ocrx_word' id='word_1_35' title='bbox 1265 752 1509 819; x_wconf 76' lang='lat' dir='ltr'><em>quidem</em></span> <span class='ocrx_word' id='word_1_36' title='bbox 1554 752 1877 808; x_wconf 90' lang='lat' dir='ltr'><em>ferundum</em></span> <span class='ocrx_word' id='word_1_37' title='bbox 1920 753 2119 823; x_wconf 89' lang='lat' dir='ltr'><em>aliquo</em></span> 
     </span>
     <span class='ocr_line' id='line_1_19' title="bbox 488 833 763 889; baseline 0.004 -1"><span class='ocrx_word' id='word_1_38' title='bbox 488 833 763 889; x_wconf 77' lang='lat' dir='ltr'><em>modost:</em></span> 
     </span>
     <span class='ocr_line' id='line_1_20' title="bbox 409 916 1752 985; baseline 0 -13"><span class='ocrx_word' id='word_1_39' title='bbox 409 921 699 985; x_wconf 74' lang='lat' dir='ltr'><em>persuasit</em></span> <span class='ocrx_word' id='word_1_40' title='bbox 727 936 843 972; x_wconf 88' lang='lat' dir='ltr'><em>nox</em></span> <span class='ocrx_word' id='word_1_41' title='bbox 876 936 1041 971; x_wconf 89' lang='lat' dir='ltr'><em>amor</em></span> <span class='ocrx_word' id='word_1_42' title='bbox 1072 921 1272 971; x_wconf 87' lang='lat' dir='ltr'><em>vinum</em></span> <span class='ocrx_word' id='word_1_43' title='bbox 1305 916 1752 972; x_wconf 78' lang='lat' dir='ltr'><em>adulescentia:</em></span> 
     </span>
     <span class='ocr_line' id='line_1_21' title="bbox 411 999 2119 1070; baseline 0.001 -16"><span class='ocrx_word' id='word_1_44' title='bbox 411 1000 810 1055; x_wconf 84' lang='lat' dir='ltr'><em>humanumst.</em></span> <span class='ocrx_word' id='word_1_45' title='bbox 902 1001 1003 1055; x_wconf 90' lang='lat' dir='ltr'><em>ubi</em></span> <span class='ocrx_word' id='word_1_46' title='bbox 1035 1004 1147 1055; x_wconf 84' lang='lat' dir='ltr'><em>scit</em></span> <span class='ocrx_word' id='word_1_47' title='bbox 1177 999 1424 1067; x_wconf 83' lang='lat' dir='ltr'><em>factum,</em></span> <span class='ocrx_word' id='word_1_48' title='bbox 1465 1000 1542 1055; x_wconf 92' lang='lat' dir='ltr'><em>ad</em></span> <span class='ocrx_word' id='word_1_49' title='bbox 1581 1009 1836 1056; x_wconf 89' lang='lat' dir='ltr'><em>matrem</em></span> <span class='ocrx_word' id='word_1_50' title='bbox 1875 1005 2119 1070; x_wconf 86' lang='lat' dir='ltr'><em>virginis</em></span> 
     </span>
     <span class='ocr_line' id='line_1_22' title="bbox 410 1082 1864 1152; baseline 0.001 -16"><span class='ocrx_word' id='word_1_51' title='bbox 410 1087 574 1138; x_wconf 83' lang='lat' dir='ltr'><em>venit</em></span> <span class='ocrx_word' id='word_1_52' title='bbox 604 1087 763 1152; x_wconf 89' lang='lat' dir='ltr'><em>ipsus</em></span> <span class='ocrx_word' id='word_1_53' title='bbox 795 1082 952 1138; x_wconf 88' lang='lat' dir='ltr'><em>ultro</em></span> <span class='ocrx_word' id='word_1_54' title='bbox 982 1083 1315 1138; x_wconf 79' lang='lat' dir='ltr'><em>lacrumans</em></span> <span class='ocrx_word' id='word_1_55' title='bbox 1346 1103 1518 1138; x_wconf 85' lang='lat' dir='ltr'><em>orans</em></span> <span class='ocrx_word' id='word_1_56' title='bbox 1549 1084 1864 1138; x_wconf 82' lang='lat' dir='ltr'><em>obsecrans</em></span> 
     </span>
     <span class='ocr_line' id='line_1_23' title="bbox 410 1166 1947 1233; baseline 0.001 -14"><span class='ocrx_word' id='word_1_57' title='bbox 410 1167 583 1221; x_wconf 72' lang='lat' dir='ltr'><em>fidem</em></span> <span class='ocrx_word' id='word_1_58' title='bbox 619 1166 787 1233; x_wconf 81' lang='lat' dir='ltr'><em>dans,</em></span> <span class='ocrx_word' id='word_1_59' title='bbox 820 1171 1016 1221; x_wconf 85' lang='lat' dir='ltr'><em>iurans</em></span> <span class='ocrx_word' id='word_1_60' title='bbox 1048 1186 1109 1220; x_wconf 87' lang='lat' dir='ltr'><em>se</em></span> <span class='ocrx_word' id='word_1_61' title='bbox 1142 1166 1302 1220; x_wconf 85' lang='lat' dir='ltr'><em>illam</em></span> <span class='ocrx_word' id='word_1_62' title='bbox 1335 1166 1656 1221; x_wconf 88' lang='lat' dir='ltr'><em>ducturum</em></span> <span class='ocrx_word' id='word_1_63' title='bbox 1687 1167 1947 1222; x_wconf 83' lang='lat' dir='ltr'><em>domum.</em></span> 
     </span>
     <span class='ocr_line' id='line_1_24' title="bbox 409 1249 1995 1319; baseline 0.001 -15"><span class='ocrx_word' id='word_1_64' title='bbox 409 1255 763 1319; x_wconf 83' lang='lat' dir='ltr'><em>ignotumst,</em></span> <span class='ocrx_word' id='word_1_65' title='bbox 794 1254 1125 1318; x_wconf 85' lang='lat' dir='ltr'><em>tacitumst,</em></span> <span class='ocrx_word' id='word_1_66' title='bbox 1157 1249 1529 1304; x_wconf 89' lang='lat' dir='ltr'><em>creditumst.</em></span> <span class='ocrx_word' id='word_1_67' title='bbox 1618 1253 1786 1318; x_wconf 89' lang='lat' dir='ltr'><em>virgo</em></span> <span class='ocrx_word' id='word_1_68' title='bbox 1818 1269 1890 1305; x_wconf 86' lang='lat' dir='ltr'><em>ex</em></span> <span class='ocrx_word' id='word_1_69' title='bbox 1923 1269 1995 1305; x_wconf 95' lang='lat' dir='ltr'><em>eo</em></span> 
     </span>
     <span class='ocr_line' id='line_1_25' title="bbox 406 1331 2036 1401; baseline 0.001 -14"><span class='ocrx_word' id='word_1_70' title='bbox 406 1351 748 1401; x_wconf 87' lang='lat' dir='ltr'><em>compressu</em></span> <span class='ocrx_word' id='word_1_71' title='bbox 778 1331 1023 1401; x_wconf 86' lang='lat' dir='ltr'><em>gravida</em></span> <span class='ocrx_word' id='word_1_72' title='bbox 1052 1331 1270 1387; x_wconf 89' lang='lat' dir='ltr'><em>factast</em></span> <span class='ocrx_word' id='word_1_73' title='bbox 1294 1352 1306 1386; x_wconf 72' lang='grc' dir='ltr'>ε</span> <span class='ocrx_word' id='word_1_74' title='bbox 1336 1336 1558 1388; x_wconf 85' lang='lat' dir='ltr'><em>mensis</em></span> <span class='ocrx_word' id='word_1_75' title='bbox 1588 1331 1876 1388; x_wconf 89' lang='lat' dir='ltr'><em>decumus</em></span> <span class='ocrx_word' id='word_1_76' title='bbox 1908 1340 2000 1388; x_wconf 83' lang='lat' dir='ltr'><em>est</em></span> <span class='ocrx_word' id='word_1_77' title='bbox 2024 1351 2036 1388; x_wconf 72' lang='grc' dir='ltr'>ε</span> 
     </span>
     <span class='ocr_line' id='line_1_26' title="bbox 407 1415 1855 1485; baseline 0.001 -15"><span class='ocrx_word' id='word_1_78' title='bbox 407 1415 509 1471; x_wconf 80' lang='lat' dir='ltr'><em>ille</em></span> <span class='ocrx_word' id='word_1_79' title='bbox 540 1416 730 1471; x_wconf 88' lang='lat' dir='ltr'><em>bonus</em></span> <span class='ocrx_word' id='word_1_80' title='bbox 760 1419 849 1470; x_wconf 86' lang='lat' dir='ltr'><em>vir</em></span> <span class='ocrx_word' id='word_1_81' title='bbox 877 1416 1049 1471; x_wconf 85' lang='lat' dir='ltr'><em>nobis</em></span> <span class='ocrx_word' id='word_1_82' title='bbox 1078 1415 1405 1485; x_wconf 80' lang='lat' dir='ltr'><em>psaltriam,</em></span> <span class='ocrx_word' id='word_1_83' title='bbox 1435 1419 1483 1470; x_wconf 91' lang='lat' dir='ltr'><em>si</em></span> <span class='ocrx_word' id='word_1_84' title='bbox 1513 1415 1604 1471; x_wconf 89' lang='lat' dir='ltr'><em>dis</em></span> <span class='ocrx_word' id='word_1_85' title='bbox 1634 1415 1855 1485; x_wconf 85' lang='lat' dir='ltr'><em>placet,</em></span> 
     </span>
     <span class='ocr_line' id='line_1_27' title="bbox 409 1498 1601 1568; baseline 0.001 -15"><span class='ocrx_word' id='word_1_86' title='bbox 409 1502 638 1568; x_wconf 86' lang='lat' dir='ltr'><em>paravit</em></span> <span class='ocrx_word' id='word_1_87' title='bbox 667 1502 907 1568; x_wconf 84' lang='lat' dir='ltr'><em>quicum</em></span> <span class='ocrx_word' id='word_1_88' title='bbox 939 1502 1136 1565; x_wconf 82' lang='lat' dir='ltr'><em>vivat3</em></span> <span class='ocrx_word' id='word_1_89' title='bbox 1167 1498 1330 1553; x_wconf 84' lang='lat' dir='ltr'><em>illam</em></span> <span class='ocrx_word' id='word_1_90' title='bbox 1361 1498 1601 1554; x_wconf 83' lang='lat' dir='ltr'><em>deserit.</em></span> 
     </span>
     <span class='ocr_line' id='line_1_28' title="bbox 407 1581 1291 1652; baseline -0.002 -14"><span class='ocrx_word' id='word_1_91' title='bbox 407 1602 514 1652; x_wconf 86' lang='lat' dir='ltr'><em>pro</em></span> <span class='ocrx_word' id='word_1_92' title='bbox 545 1590 751 1638; x_wconf 89' lang='lat' dir='ltr'><em>certon</em></span> <span class='ocrx_word' id='word_1_93' title='bbox 786 1590 853 1637; x_wconf 90' lang='lat' dir='ltr'><em>tu</em></span> <span class='ocrx_word' id='word_1_94' title='bbox 885 1586 1070 1637; x_wconf 87' lang='lat' dir='ltr'><em>istaec</em></span> <span class='ocrx_word' id='word_1_95' title='bbox 1100 1581 1291 1637; x_wconf 89' lang='lat' dir='ltr'><em>dicis?</em></span> 
     </span>
     <span class='ocr_line' id='line_1_29' title="bbox 1242 1668 1708 1733; baseline 0.002 -14"><span class='ocrx_word' id='word_1_96' title='bbox 1242 1671 1436 1720; x_wconf 87' lang='lat' dir='ltr'><em>mater</em></span> <span class='ocrx_word' id='word_1_97' title='bbox 1463 1668 1708 1733; x_wconf 87' lang='lat' dir='ltr'><em>virginis</em></span> 
     </span>
     <span class='ocr_line' id='line_1_30' title="bbox 405 1747 1772 1817; baseline 0 -14"><span class='ocrx_word' id='word_1_98' title='bbox 405 1752 467 1803; x_wconf 90' lang='lat' dir='ltr'><em>in</em></span> <span class='ocrx_word' id='word_1_99' title='bbox 498 1748 778 1817; x_wconf 87' lang='lat' dir='ltr'><em>mediost,</em></span> <span class='ocrx_word' id='word_1_100' title='bbox 808 1752 933 1817; x_wconf 82' lang='lat' dir='ltr'><em>ipsa</em></span> <span class='ocrx_word' id='word_1_101' title='bbox 966 1752 1151 1816; x_wconf 81' lang='lat' dir='ltr'><em>virgo,</em></span> <span class='ocrx_word' id='word_1_102' title='bbox 1182 1767 1276 1803; x_wconf 89' lang='lat' dir='ltr'><em>res</em></span> <span class='ocrx_word' id='word_1_103' title='bbox 1306 1752 1452 1816; x_wconf 80' lang='lat' dir='ltr'><em>ipsa,</em></span> <span class='ocrx_word' id='word_1_104' title='bbox 1484 1747 1580 1802; x_wconf 87' lang='lat' dir='ltr'><em>hic</em></span> <span class='ocrx_word' id='word_1_105' title='bbox 1614 1748 1772 1803; x_wconf 87' lang='lat' dir='ltr'><em>Geta</em></span> 
     </span>
     <span class='ocr_line' id='line_1_31' title="bbox 408 1830 1926 1901; baseline -0.002 -14"><span class='ocrx_word' id='word_1_106' title='bbox 408 1839 739 1901; x_wconf 87' lang='lat' dir='ltr'><em>praeterea,</em></span> <span class='ocrx_word' id='word_1_107' title='bbox 773 1839 839 1886; x_wconf 90' lang='lat' dir='ltr'><em>ut</em></span> <span class='ocrx_word' id='word_1_108' title='bbox 869 1839 1078 1900; x_wconf 83' lang='lat' dir='ltr'><em>captus</em></span> <span class='ocrx_word' id='word_1_109' title='bbox 1109 1839 1202 1886; x_wconf 85' lang='lat' dir='ltr'><em>est</em></span> <span class='ocrx_word' id='word_1_110' title='bbox 1231 1851 1555 1899; x_wconf 87' lang='lat' dir='ltr'><em>servorum,</em></span> <span class='ocrx_word' id='word_1_111' title='bbox 1585 1850 1706 1885; x_wconf 92' lang='lat' dir='ltr'><em>non</em></span> <span class='ocrx_word' id='word_1_112' title='bbox 1735 1830 1926 1885; x_wconf 84' lang='lat' dir='ltr'><em>malus</em></span> 
     </span>
     <span class='ocr_line' id='line_1_32' title="bbox 407 1912 1926 1984; baseline -0.001 -15"><span class='ocrx_word' id='word_1_113' title='bbox 407 1935 604 1984; x_wconf 88' lang='lat' dir='ltr'><em>neque</em></span> <span class='ocrx_word' id='word_1_114' title='bbox 636 1919 794 1970; x_wconf 80' lang='lat' dir='ltr'><em>iners</em></span> <span class='ocrx_word' id='word_1_115' title='bbox 819 1934 831 1969; x_wconf 69' lang='grc' dir='ltr'>ε</span> <span class='ocrx_word' id='word_1_116' title='bbox 863 1914 970 1970; x_wconf 83' lang='lat' dir='ltr'><em>alit</em></span> <span class='ocrx_word' id='word_1_117' title='bbox 999 1914 1150 1983; x_wconf 80' lang='lat' dir='ltr'><em>illas,</em></span> <span class='ocrx_word' id='word_1_118' title='bbox 1181 1914 1338 1969; x_wconf 88' lang='lat' dir='ltr'><em>solus</em></span> <span class='ocrx_word' id='word_1_119' title='bbox 1368 1933 1610 1969; x_wconf 89' lang='lat' dir='ltr'><em>omnem</em></span> <span class='ocrx_word' id='word_1_120' title='bbox 1640 1912 1926 1968; x_wconf 88' lang='lat' dir='ltr'><em>familiam</em></span> 
     </span>
     <span class='ocr_line' id='line_1_33' title="bbox 409 1997 1858 2066; baseline -0.003 -12"><span class='ocrx_word' id='word_1_121' title='bbox 409 2006 748 2054; x_wconf 86' lang='lat' dir='ltr'><em>sustentat:</em></span> <span class='ocrx_word' id='word_1_122' title='bbox 779 1997 940 2052; x_wconf 91' lang='lat' dir='ltr'><em>hunc</em></span> <span class='ocrx_word' id='word_1_123' title='bbox 970 1997 1224 2065; x_wconf 81' lang='lat' dir='ltr'><em>abduce,</em></span> <span class='ocrx_word' id='word_1_124' title='bbox 1254 2001 1431 2066; x_wconf 85' lang='lat' dir='ltr'><em>vinci,</em></span> <span class='ocrx_word' id='word_1_125' title='bbox 1463 2015 1684 2065; x_wconf 86' lang='lat' dir='ltr'><em>quaere</em></span> <span class='ocrx_word' id='word_1_126' title='bbox 1715 2015 1858 2051; x_wconf 87' lang='lat' dir='ltr'><em>rem.</em></span> 
     </span>
     <span class='ocr_line' id='line_1_34' title="bbox 408 2078 2047 2149; baseline -0.001 -13"><span class='ocrx_word' id='word_1_127' title='bbox 408 2085 590 2136; x_wconf 91' lang='lat' dir='ltr'><em>immo</em></span> <span class='ocrx_word' id='word_1_128' title='bbox 620 2080 824 2137; x_wconf 84' lang='lat' dir='ltr'><em>hercle</em></span> <span class='ocrx_word' id='word_1_129' title='bbox 857 2087 1169 2149; x_wconf 84' lang='lat' dir='ltr'><em>extorque,</em></span> <span class='ocrx_word' id='word_1_130' title='bbox 1200 2084 1311 2135; x_wconf 90' lang='lat' dir='ltr'><em>nisi</em></span> <span class='ocrx_word' id='word_1_131' title='bbox 1344 2083 1428 2135; x_wconf 92' lang='lat' dir='ltr'><em>ita</em></span> <span class='ocrx_word' id='word_1_132' title='bbox 1458 2079 1763 2146; x_wconf 87' lang='lat' dir='ltr'><em>factumst,</em></span> <span class='ocrx_word' id='word_1_133' title='bbox 1797 2078 2047 2134; x_wconf 75' lang='lat' dir='ltr'><em>Demea.</em></span> 
     </span>
     <span class='ocr_line' id='line_1_35' title="bbox 406 2161 1823 2234; baseline -0.004 -14"><span class='ocrx_word' id='word_1_134' title='bbox 406 2172 710 2234; x_wconf 89' lang='lat' dir='ltr'><em>postremo</em></span> <span class='ocrx_word' id='word_1_135' title='bbox 739 2183 861 2219; x_wconf 89' lang='lat' dir='ltr'><em>non</em></span> <span class='ocrx_word' id='word_1_136' title='bbox 891 2164 1140 2232; x_wconf 87' lang='lat' dir='ltr'><em>negabit</em></span> <span class='ocrx_word' id='word_1_137' title='bbox 1165 2183 1175 2216; x_wconf 94' lang='lat'><strong>:</strong></span> <span class='ocrx_word' id='word_1_138' title='bbox 1208 2183 1404 2217; x_wconf 85' lang='lat' dir='ltr'><em>coram</em></span> <span class='ocrx_word' id='word_1_139' title='bbox 1435 2166 1626 2230; x_wconf 84' lang='lat' dir='ltr'><em>ipsum</em></span> <span class='ocrx_word' id='word_1_140' title='bbox 1660 2161 1823 2216; x_wconf 80' lang='lat' dir='ltr'><em>cedO.</em></span> 
     </span>
     <span class='ocr_line' id='line_1_36' title="bbox 407 2242 2115 2317; baseline -0.004 -14"><span class='ocrx_word' id='word_1_141' title='bbox 407 2248 598 2317; x_wconf 85' lang='lat' dir='ltr'><em>pudet</em></span> <span class='ocrx_word' id='word_1_142' title='bbox 622 2267 633 2302; x_wconf 77' lang='lat' dir='ltr'><strong><em>z</em></strong></span> <span class='ocrx_word' id='word_1_143' title='bbox 666 2267 777 2303; x_wconf 88' lang='lat' dir='ltr'><em>nec</em></span> <span class='ocrx_word' id='word_1_144' title='bbox 803 2247 947 2316; x_wconf 89' lang='lat' dir='ltr'><em>quid</em></span> <span class='ocrx_word' id='word_1_145' title='bbox 970 2266 1141 2315; x_wconf 81' lang='lat' dir='ltr'><em>agam</em></span> <span class='ocrx_word' id='word_1_146' title='bbox 1171 2266 1366 2314; x_wconf 88' lang='lat' dir='ltr'><em>neque</em></span> <span class='ocrx_word' id='word_1_147' title='bbox 1393 2246 1536 2314; x_wconf 83' lang='lat' dir='ltr'><em>quid</em></span> <span class='ocrx_word' id='word_1_148' title='bbox 1564 2245 1699 2299; x_wconf 86' lang='lat' dir='ltr'><em>huic</em></span> <span class='ocrx_word' id='word_1_149' title='bbox 1723 2242 2115 2313; x_wconf 79' lang='lat' dir='ltr'><em>respondeam</em></span> 
     </span>
     <span class='ocr_line' id='line_1_37' title="bbox 404 2334 541 2387; baseline -0.007 0"><span class='ocrx_word' id='word_1_150' title='bbox 404 2334 541 2387; x_wconf 80' lang='lat' dir='ltr'><em>scio,</em></span> 
     </span>
     <span class='ocr_line' id='line_1_38' title="bbox 554 2410 1617 2482; baseline -0.003 -14"><span class='ocrx_word' id='word_1_151' title='bbox 554 2417 830 2468; x_wconf 86' lang='lat' dir='ltr'><em>miseram</em></span> <span class='ocrx_word' id='word_1_152' title='bbox 862 2431 981 2482; x_wconf 88' lang='lat' dir='ltr'><em>me,</em></span> <span class='ocrx_word' id='word_1_153' title='bbox 1012 2411 1251 2467; x_wconf 87' lang='lat' dir='ltr'><em>differor</em></span> <span class='ocrx_word' id='word_1_154' title='bbox 1280 2410 1617 2466; x_wconf 82' lang='lat' dir='ltr'><em>doloribus!</em></span> 
     </span>
     <span class='ocr_line' id='line_1_39' title="bbox 412 2492 1840 2565; baseline -0.001 -15"><span class='ocrx_word' id='word_1_155' title='bbox 412 2497 559 2552; x_wconf 89' lang='lat' dir='ltr'><em>Iuno</em></span> <span class='ocrx_word' id='word_1_156' title='bbox 591 2496 839 2565; x_wconf 88' lang='lat' dir='ltr'><em>Lucina,</em></span> <span class='ocrx_word' id='word_1_157' title='bbox 869 2495 960 2551; x_wconf 89' lang='lat' dir='ltr'><em>fer</em></span> <span class='ocrx_word' id='word_1_158' title='bbox 989 2515 1165 2564; x_wconf 89' lang='lat' dir='ltr'><em>opem</em></span> <span class='ocrx_word' id='word_1_159' title='bbox 1191 2495 1201 2550; x_wconf 73' lang='lat' dir='ltr'>l</span> <span class='ocrx_word' id='word_1_160' title='bbox 1234 2514 1403 2550; x_wconf 90' lang='lat' dir='ltr'><em>serva</em></span> <span class='ocrx_word' id='word_1_161' title='bbox 1432 2512 1528 2549; x_wconf 91' lang='lat' dir='ltr'><em>me</em></span> <span class='ocrx_word' id='word_1_162' title='bbox 1558 2492 1840 2549; x_wconf 88' lang='lat' dir='ltr'><em>obsecro!</em></span> 
     </span>
     <span class='ocr_line' id='line_1_40' title="bbox 1831 2575 1992 2643; baseline 0 -14"><span class='ocrx_word' id='word_1_163' title='bbox 1831 2575 1992 2643; x_wconf 90' lang='lat' dir='ltr'><em>hem,</em></span> 
     </span>
     <span class='ocr_line' id='line_1_41' title="bbox 406 2660 1434 2730; baseline -0.006 -11"><span class='ocrx_word' id='word_1_164' title='bbox 406 2682 552 2719; x_wconf 91' lang='lat' dir='ltr'><em>num</em></span> <span class='ocrx_word' id='word_1_165' title='bbox 582 2682 722 2718; x_wconf 90' lang='lat' dir='ltr'><em>nam</em></span> <span class='ocrx_word' id='word_1_166' title='bbox 751 2661 853 2716; x_wconf 90' lang='lat' dir='ltr'><em>illa</em></span> <span class='ocrx_word' id='word_1_167' title='bbox 884 2680 1104 2730; x_wconf 87' lang='lat' dir='ltr'><em>quaeso</em></span> <span class='ocrx_word' id='word_1_168' title='bbox 1135 2660 1434 2729; x_wconf 84' lang='lat' dir='ltr'><em>parturit?</em></span> 
     </span>
     <span class='ocr_line' id='line_1_42' title="bbox 1448 2741 1885 2810; baseline -0.005 -14"><span class='ocrx_word' id='word_1_169' title='bbox 1448 2749 1635 2810; x_wconf 87' lang='lat' dir='ltr'><em>certe,</em></span> <span class='ocrx_word' id='word_1_170' title='bbox 1666 2741 1885 2809; x_wconf 85' lang='lat' dir='ltr'><em>Hegio.</em></span> 
     </span>
     <span class='ocr_line' id='line_1_43' title="bbox 1902 2841 2019 2891; baseline 0 -14"><span class='ocrx_word' id='word_1_171' title='bbox 1902 2841 2019 2891; x_wconf 90' lang='lat' dir='ltr'><em>em,</em></span> 
     </span>
     <span class='ocr_line' id='line_1_44' title="bbox 404 2905 1879 2977; baseline -0.005 -10"><span class='ocrx_word' id='word_1_172' title='bbox 404 2912 576 2967; x_wconf 90' lang='lat' dir='ltr'><em>illaec</em></span> <span class='ocrx_word' id='word_1_173' title='bbox 608 2910 789 2966; x_wconf 86' lang='lat' dir='ltr'><em>fidem</em></span> <span class='ocrx_word' id='word_1_174' title='bbox 818 2916 1269 2965; x_wconf 32' lang='lat' dir='ltr'><em>nuncvvostram</em></span> <span class='ocrx_word' id='word_1_175' title='bbox 1298 2906 1580 2977; x_wconf 88' lang='lat' dir='ltr'><em>inplorat,</em></span> <span class='ocrx_word' id='word_1_176' title='bbox 1611 2905 1879 2961; x_wconf 89' lang='lat' dir='ltr'><em>Demea:</em></span> 
     </span>
     <span class='ocr_line' id='line_1_45' title="bbox 403 2990 1770 3063; baseline -0.006 -13"><span class='ocrx_word' id='word_1_177' title='bbox 403 2994 564 3063; x_wconf 88' lang='lat' dir='ltr'><em>quod</em></span> <span class='ocrx_word' id='word_1_178' title='bbox 594 3013 696 3048; x_wconf 90' lang='lat' dir='ltr'><em>vos</em></span> <span class='ocrx_word' id='word_1_179' title='bbox 725 2996 812 3049; x_wconf 90' lang='lat' dir='ltr'><em>vis</em></span> <span class='ocrx_word' id='word_1_180' title='bbox 842 2996 1005 3060; x_wconf 88' lang='lat' dir='ltr'><em>cogit</em></span> <span class='ocrx_word' id='word_1_181' title='bbox 1033 2991 1095 3046; x_wconf 89' lang='lat' dir='ltr'><em>id</em></span> <span class='ocrx_word' id='word_1_182' title='bbox 1126 2990 1438 3046; x_wconf 81' lang='lat' dir='ltr'><em>voluntate</em></span> <span class='ocrx_word' id='word_1_183' title='bbox 1466 2993 1770 3058; x_wconf 85' lang='lat' dir='ltr'><em>impetret.</em></span> 
     </span>
     <span class='ocr_line' id='line_1_46' title="bbox 403 3068 2052 3146; baseline -0.005 -14"><span class='ocrx_word' id='word_1_184' title='bbox 403 3077 550 3132; x_wconf 81' lang='lat' dir='ltr'><em>haec·</em></span> <span class='ocrx_word' id='word_1_185' title='bbox 579 3080 838 3146; x_wconf 91' lang='lat' dir='ltr'><em>primum</em></span> <span class='ocrx_word' id='word_1_186' title='bbox 867 3081 937 3130; x_wconf 91' lang='lat' dir='ltr'><em>ut</em></span> <span class='ocrx_word' id='word_1_187' title='bbox 967 3073 1114 3129; x_wconf 87' lang='lat' dir='ltr'><em>fiant</em></span> <span class='ocrx_word' id='word_1_188' title='bbox 1143 3074 1286 3128; x_wconf 89' lang='lat' dir='ltr'><em>deos</em></span> <span class='ocrx_word' id='word_1_189' title='bbox 1316 3091 1537 3142; x_wconf 90' lang='lat' dir='ltr'><em>quaeso</em></span> <span class='ocrx_word' id='word_1_190' title='bbox 1564 3078 1635 3127; x_wconf 89' lang='lat' dir='ltr'><em>ut</em></span> <span class='ocrx_word' id='word_1_191' title='bbox 1663 3071 1828 3126; x_wconf 89' lang='lat' dir='ltr'><em>vobis</em></span> <span class='ocrx_word' id='word_1_192' title='bbox 1857 3068 2052 3125; x_wconf 82' lang='lat' dir='ltr'><em>decet.</em></span> 
     </span>
    </p>
   </div>
   <div class='ocr_carea' id='block_1_7' title="bbox 402 3158 521 3217">
    <p class='ocr_par' dir='ltr' id='par_1_7' title="bbox 402 3158 521 3217">
     <span class='ocr_line' id='line_1_47' title="bbox 402 3158 521 3217; baseline 0.008 -1"><span class='ocrx_word' id='word_1_193' title='bbox 402 3158 521 3217; x_wconf 73' lang='lat'><em>266</em></span> 
     </span>
    </p>
   </div>
   <div class='ocr_carea' id='block_1_8' title="bbox 2206 923 2323 979">
    <p class='ocr_par' dir='ltr' id='par_1_8' title="bbox 2206 923 2323 979">
     <span class='ocr_line' id='line_1_48' title="bbox 2206 923 2323 979; baseline 0.017 -5"><span class='ocrx_word' id='word_1_194' title='bbox 2206 923 2323 979; x_wconf 80' lang='lat'><em>470</em></span> 
     </span>
    </p>
   </div>
   <div class='ocr_carea' id='block_1_9' title="bbox 2207 1835 2323 1886">
    <p class='ocr_par' dir='ltr' id='par_1_9' title="bbox 2207 1835 2323 1886">
     <span class='ocr_line' id='line_1_49' title="bbox 2207 1835 2323 1886; baseline 0 -1"><span class='ocrx_word' id='word_1_195' title='bbox 2207 1835 2323 1886; x_wconf 66' lang='lat'><em>480</em></span> 
     </span>
    </p>
   </div>
   <div class='ocr_carea' id='block_1_10' title="bbox 2201 2990 2316 3048">
    <p class='ocr_par' dir='ltr' id='par_1_10' title="bbox 2201 2990 2316 3048">
     <span class='ocr_line' id='line_1_50' title="bbox 2201 2990 2316 3048; baseline 0.017 -10"><span class='ocrx_word' id='word_1_196' title='bbox 2201 2990 2316 3048; x_wconf 81' lang='lat'><em>490</em></span> 
     </span>
    </p>
   </div>
  </div>
 </body>
</html>
