2352 3724
649 241 1008 302 PUBLIUS
1053 243 1521 301 TERENTIUS
1567 243 1784 298 AFER

358 383 614 432 oremUS,
644 382 1013 435 accusemus,
1042 368 1278 432 gravius
1310 364 1572 432 denique

356 450 726 515 minitemur,
757 449 807 502 si
836 465 974 501 cum
1004 446 1107 501 illo
1137 446 1416 502 habuerit
1447 467 1575 502 rem
1606 455 1828 516 postea.

93 529 309 585 Laches
359 529 572 584 faciam
602 536 672 585 ut
699 548 925 585 mones.
1004 529 1120 584 eho
1149 549 1356 599 puere‚
1388 543 1570 585 curre·
1593 530 1670 586 ad
1708 530 2070 586 Bacchidem

441 612 596 667 hanc

359 699 614 751 vicinam
642 702 940 750 nostram:
984 694 1103 750 huc
1134 714 1316 750 evoca
1343 696 1539 750 verbis
1569 700 1732 750 meis.

358 786 423 835 at
450 785 516 835 te
548 798 651 834 oro
679 798 856 848 porro
885 782 949 833 in
979 778 1092 833 hac
1121 798 1186 834 re
1216 778 1454 834 adiutor
1485 783 1560 834 sis
1590 779 1753 832 mihi.

94 862 217 917 Phi.
1758 861 1854 929 ah,

358 947 478 1000 iam
508 944 738 1000 dudum
768 944 891 1000 dixi
922 944 1206 1014 idemque
1235 964 1397 999 nunc
1428 944 1581 1013 dico,
1614 944 1876 1000 Laches:

358 1047 603 1083 manere
632 1027 1009 1083 adfinitatem
1040 1027 1197 1082 hanc
1225 1031 1387 1082 inter
1415 1046 1523 1082 nos
1552 1027 1705 1095 vo10,

360 1115 408 1167 si
438 1111 561 1166 ullo
591 1110 770 1166 modo
802 1118 894 1166 est
925 1118 993 1166 ut
1025 1114 1241 1179 possit:
1287 1110 1448 1179 quod
1478 1130 1651 1180 spero
1681 1109 1826 1166 fore.

361 1194 468 1250 sed
499 1198 599 1249 vin
628 1194 838 1250 adesse
867 1213 966 1248 me
997 1214 1135 1261 una,
1167 1192 1312 1248 dum
1340 1197 1518 1249 istam
1547 1193 1868 1249 convenis?

93 1278 308 1334 Laches
358 1281 541 1333 immo
570 1296 712 1332 vero
740 1277 857 1344 abi,
889 1276 1148 1345 aliquam
1178 1296 1365 1345 puero
1394 1280 1693 1331 nutricem
1723 1296 1878 1345 para.

1038 1524 1252 1581 ACTV
1256 1525 1296 1582 S
1340 1524 1395 1580 V

100 1609 333 1666 Bacchis
356 1610 491 1663 Non
537 1608 648 1662 hoc
689 1608 765 1663 de
806 1607 1073 1677 nihilost,
1110 1608 1272 1677 quod
1312 1607 1544 1664 Laches
1582 1627 1681 1664 me
1724 1628 1886 1664 nunc
1930 1628 2069 1664 con-

441 1699 685 1747 ventam
715 1710 845 1748 esse
876 1695 1141 1760 expetit3

357 1794 471 1831 nec
512 1774 611 1844 pol
652 1793 752 1830 me
790 1774 1053 1830 multum
1092 1773 1267 1844 fallit,
1299 1778 1445 1844 quin
1486 1774 1647 1844 quod
1687 1777 1950 1845 suspicor
1990 1777 2068 1830 sit

442 1858 602 1927 quod
634 1857 795 1913 velit.

95 1942 309 1999 Laches
359 1942 746 1996 videndumst
776 1960 853 1995 ne
891 1944 1087 1997 minus
1123 1948 1370 2011 propter
1404 1944 1554 1996 iram
1590 1940 1732 1996 hinc
1767 1944 2069 2010 inpetrem

442 2044 621 2094 quam
649 2027 928 2094 possiem,

358 2116 463 2163 aut
484 2127 563 2163 ne
587 2107 732 2176 quid
755 2107 970 2162 faciam
992 2106 1144 2176 plus,
1171 2105 1332 2175 quod
1354 2110 1552 2162 minus
1575 2125 1672 2162 me
1697 2113 1833 2176 post
1856 2105 2067 2161 fecisse

441 2194 625 2247 satius
654 2194 748 2246 sit.

357 2273 688 2342 adgrediar.
766 2271 1036 2342 Bacchis,
1069 2272 1245 2328 salve.

93 2357 331 2414 Bacchis
353 2357 533 2426 salve,
566 2355 811 2411 Laches.

91 2440 308 2497 Laches
700 2437 902 2494 <credo
933 2437 1150 2508 edepol
1180 2445 1245 2493 te
1275 2457 1398 2493 non
1428 2436 1515 2492 nil
1545 2440 1764 2505 mirari,
1798 2436 2065 2503 Bacchis,

357 2522 502 2593 quid
522 2526 599 2578 sit
618 2529 984 2591 quapropter
1001 2528 1066 2577 te
1085 2521 1212 2576 huc·
1224 2521 1378 2576 foras
1397 2539 1651 2590 puerum
1672 2539 1918 2574 evocare
1939 2523 2092 2573 iussi.

93 2605 331 2665 Bacchis
354 2626 467 2675 ego
497 2604 597 2675 pol
634 2625 872 2674 quoque
915 2608 1099 2659 etiam
1139 2603 1352 2660 timida
1394 2623 1543 2672 sum,
1576 2622 1757 2672 quom
1797 2605 1964 2657 venit
2005 2605 2067 2655 in

436 2696 709 2744 mentem
741 2707 893 2757 quae
924 2691 1054 2756 sim,

351 2792 430 2828 ne
470 2790 695 2827 nomen
734 2770 883 2825 mihi
924 2774 1156 2839 quaesti
1200 2771 1424 2836 obsiet;
1469 2789 1609 2824 nam
1652 2787 1847 2823 mores
1892 2766 2066 2822 facile

434 2862 614 2911 tutor.

85 2938 301 2999 Laches
351 2943 399 2995 si
428 2958 568 2993 vera
598 2937 765 3006 dicis,
796 2936 882 2991 nil
912 2937 1024 2991 tibi
1056 2943 1148 2991 est
1177 2955 1212 2990 a
1239 2955 1338 2990 me
1369 2935 1598 3004 pericli,
1626 2934 1879 3000 mulier3

347 3041 491 3078 nam
541 3040 612 3076 ea
668 3027 871 3075 aetate
922 3023 1043 3074 iam
1088 3038 1240 3087 sum,
1288 3025 1357 3074 ut
1403 3038 1524 3073 non
1577 3021 1691 3073 siet
1734 3022 1985 3086 peccato

429 3107 515 3159 mi
543 3105 771 3172 ignosci
799 3121 1058 3171 aequom
1081 3120 1095 3156 τ

2159 701 2276 755 720

2157 2109 2274 2165 730

2279 3566 2310 3712 ἡ’θίέ
2300 3473 2309 3481 .

2336 3678 2352 3707 :1
2337 3542 2351 3546 0
