2404 3704
174 1096 382 1150 Demea

173 1190 360 1260 Hegio

176 1671 382 1725 Demea

175 1765 359 1834 Hegio

175 1860 383 1915 Demea

169 2244 355 2315 Hegio

172 2340 322 2396 III.v

731 210 971 267 PUBLI
987 213 1084 267 US
1131 211 1490 267 TEREN'M
1506 214 1601 270 US
1650 221 1698 267 A
1713 218 1863 269 ΓΕΒ

434 334 525 385 sin
558 329 733 387 aliter
761 335 995 387 animus
1028 339 1227 388 voster
1257 340 1370 402 est,
1403 352 1536 402 eg0‚
1570 333 1820 402 Demea,

435 445 667 481 summa
695 429 754 481 vi
783 425 1110 482 defendam
1141 427 1297 483 hanc
1327 436 1510 497 atque
1543 428 1710 484 illum
1744 437 2056 486 mortuom.

434 533 725 593 cognatus
754 525 902 580 mihi
934 534 1092 592 erat3
1124 546 1243 582 una
1271 547 1306 582 a
1335 530 1535 597 pueris
1566 527 1820 597 parvolis

434 639 637 675 sumus
667 620 902 687 educti3
934 641 1052 676 una
1083 641 1320 691 semper
1349 622 1600 678 militiae
1634 629 1697 677 et
1727 622 1889 679 domi

434 714 685 782 fuimus3
716 723 1138 785 paupertatem
1169 738 1288 772 una
1317 717 1673 787 pertulimus
1704 738 1964 786 gravem.

433 817 800 880 quapropter
828 815 1006 879 nitar,
1041 810 1271 880 faciam,
1303 815 1594 881 experiar,
1625 812 1890 881 denique

435 909 695 961 animam
724 905 1060 975 relinquam
1090 911 1289 976 potius
1321 927 1499 977 quam
1529 907 1659 963 illas
1691 908 1979 964 deseram.

436 1000 581 1069 quid
610 1000 758 1056 mihi
789 1001 1155 1070 respondes?

1132 1095 1382 1152 fratrem
1412 1101 1783 1165 conveniam,
1822 1098 2038 1167 Hegio,

433 1191 559 1260 sed,
593 1191 845 1261 Demea,
876 1191 990 1247 hoc
1021 1200 1088 1248 tu
1119 1191 1302 1247 facito
1334 1213 1467 1247 cum
1499 1196 1698 1248 animo
1731 1197 1996 1262 cogites:

438 1307 614 1355 quam
646 1306 747 1342 vos
777 1285 1080 1342 facillume
1110 1291 1309 1356 agitiS,
1339 1307 1518 1356 quam
1551 1291 1692 1343 estis
1724 1306 2002 1343 maxume

437 1390 719 1451 potentes
749 1382 906 1438 dites
938 1382 1228 1438 fortunati
1257 1383 1508 1451 nobileS,

439 1487 560 1534 tam
590 1497 869 1534 maxume
901 1498 1001 1534 vos
1032 1497 1224 1547 aequo
1253 1482 1453 1533 animo
1483 1498 1673 1547 aequa
1705 1498 1950 1535 noscere

435 1581 696 1644 oportet,
725 1578 774 1631 si
803 1594 906 1630 vos
937 1574 1111 1630 voltis
1142 1573 1445 1644 perhiberi
1476 1575 1706 1644 probos.

434 1670 660 1725 redito:
690 1669 839 1725 fient
868 1690 1021 1738 quae
1052 1669 1178 1725 fieri
1209 1677 1523 1738 aequomst
1554 1673 1768 1726 omnia.

432 1765 612 1821 decet
629 1772 693 1821 te
714 1764 928 1821 facere.
994 1765 1171 1834 Geta,
1191 1764 1308 1820 duc
1326 1784 1425 1820 me
1444 1769 1604 1820 intro
1626 1765 1703 1820 ad
1727 1765 2158 1822 Sostratam.—

434 1880 554 1915 non
582 1879 681 1915 me
711 1859 1021 1915 indicente
1052 1858 1201 1915 haec
1232 1859 1421 1914 fiunt:
1451 1864 1681 1914 utinam
1714 1859 1810 1914 hic
1841 1864 1918 1915 sit
1948 1859 2126 1915 modo

434 1955 826 2011 defunctum!
859 1975 1067 2010 verum
1095 1958 1280 2010 nimia
1309 1954 1483 2010 illaec
1513 1954 1758 2010 licentia

433 2050 704 2121 profecto
735 2049 953 2106 evadet
981 2054 1045 2105 in
1074 2049 1316 2119 aliquod
1345 2070 1631 2119 magnum
1663 2050 1902 2105 malum.

434 2148 531 2203 ibo
560 2167 628 2202 ac
657 2150 957 2216 requiram
987 2145 1255 2214 fratrem,
1286 2153 1356 2201 ut
1385 2149 1447 2200 in
1479 2165 1616 2201 eum
1650 2146 1796 2201 haec
1828 2165 2113 2201 evomam.

429 2243 596 2299 Bono
625 2247 825 2297 animo
855 2241 949 2297 fac
979 2246 1077 2311 siS,
1110 2242 1397 2310 Sostrata,
1430 2249 1493 2297 et
1523 2245 1695 2297 istam
1730 2241 1889 2310 quod
1922 2248 2093 2310 potes

428 2339 521 2394 fac
552 2338 875 2394 consolere.
967 2357 1081 2407 ego
1112 2338 1460 2406 Micionem,
1491 2340 1538 2393 si
1568 2336 1728 2406 apud
1759 2336 2031 2405 sorumst,

428 2437 780 2491 conveniam
808 2440 991 2502 atque
1022 2439 1092 2488 ut
1119 2452 1214 2488 res
1243 2439 1474 2501 gestast
1502 2431 1753 2487 narrabo
1784 2430 1992 2487 ordine
2015 2449 2030 2487 ε

427 2534 475 2588 si
506 2537 599 2587 est
628 2533 676 2586 is
706 2528 972 2585 facturus
1001 2536 1071 2585 ut
1100 2532 1179 2585 sit
1208 2528 1464 2583 officium
1495 2547 1684 2597 suom,

426 2625 607 2682 faciat
631 2644 644 2692 ;
675 2629 767 2681 sin
796 2624 973 2680 aliter
1002 2623 1079 2680 de
1109 2623 1222 2680 hac
1252 2643 1317 2679 re
1349 2630 1443 2679 est
1474 2626 1600 2679 eius
1631 2626 1955 2691 sententia,

425 2720 788 2791 respondeat
818 2723 921 2788 mi,
951 2727 1021 2776 ut
1051 2719 1195 2789 quid
1226 2739 1396 2789 agam
1432 2739 1608 2787 quam
1642 2722 1899 2788 primum
1930 2721 2126 2774 sciam.

412 3149 530 3208 268

2243 1199 2360 1249 500

2236 2150 2353 2199 510
