2352 3724
646 243 1001 301 PUBLIUS
1046 245 1516 303 TERENTIUS
1562 246 1779 301 AFER

93 363 256 421 Phor.
348 367 491 422 satis
521 365 777 434 superbe
808 364 1080 421 inluditis
1110 386 1224 422 me.

92 453 269 508 Demi.

91 541 255 597 Plzor.

93 807 219 864 Chr.

93 983 271 1040 Demi.

94 1334 257 1389 Phor.

94 1423 271 1479 Demi.

94 1511 210 1567 Plzo
216 1532 257 1567 r.

95 2015 272 2071 Demi.

96 2272 257 2328 Phor.

94 2366 270 2422 Demi.

92 2532 255 2588 Phor.

93 2626 269 2683 Demi.

89 2804 255 2861 Phor.

88 2900 266 2955 Demz.

91 2994 251 3050 Phor.

88 3088 264 3145 Demi.

1230 456 1371 525 qui?

1363 546 1571 613 rogas?

357 634 495 699 quia
523 651 602 687 ne
632 631 883 687 alteram
914 631 1159 701 quidem
1190 632 1351 687 illam
1384 641 1593 702 potero
1624 633 1876 702 ducere3

356 739 495 774 nam
526 739 643 788 quo
674 720 882 775 redibo
913 740 1014 776 ore
1043 719 1121 775 ad
1152 740 1285 776 eam
1316 742 1494 790 quam
1525 724 2026 791 contempserim?

361 793 542 863 “tum
571 816 775 863 autem
808 807 1226 877 Antiphonem
1256 809 1431 864 video
1460 810 1536 865 ab
1566 829 1696 866 sese
1726 816 2007 866 amittere

355 899 611 952 invitum
643 896 822 952 eam''
856 901 1056 966 inque.

1064 993 1196 1040 tum
1226 993 1431 1041 autem
1461 986 1636 1041 video
1665 985 1851 1041 filium

355 1077 611 1129 invitum
642 1093 783 1130 sane
814 1074 1129 1129 mulierem
1159 1076 1234 1130 ab
1266 1094 1327 1130 se
1359 1079 1656 1130 amittere.

356 1163 463 1218 sed
492 1166 679 1218 transi
711 1162 884 1218 sodes
914 1162 991 1218 ad
1021 1162 1216 1218 forum
1246 1171 1429 1232 atque
1460 1163 1609 1218 illud
1642 1162 1789 1217 mihi

354 1253 675 1313 argentum
705 1265 938 1300 rursum
967 1246 1108 1301 iube
1137 1247 1400 1315 rescribi,
1435 1246 1727 1301 Phormio.

358 1334 599 1402 quodne
632 1353 746 1402 ego
776 1334 1046 1403 discripsi
1077 1353 1251 1403 porro
1282 1334 1398 1389 illis
1428 1335 1642 1403 quibus
1674 1335 1894 1389 debui?

357 1423 502 1491 quid
533 1427 717 1491 igitur
747 1423 888 1478 fiet?

909 1514 956 1567 si
987 1514 1073 1566 vis
1102 1514 1185 1565 mi
1216 1530 1464 1566 uxorem
1494 1510 1637 1567 dare

354 1615 534 1664 quam
563 1594 957 1664 despondisti,
989 1594 1234 1661 ducam3
1280 1598 1370 1649 sin
1402 1601 1494 1650 est
1523 1601 1592 1649 ut
1621 1593 1767 1649 velis

354 1697 598 1733 manere
629 1678 793 1732 illam
824 1677 985 1747 apud
1014 1685 1097 1746 te,
1130 1678 1236 1733 dos
1267 1676 1364 1731 hie
1393 1684 1655 1745 maneat,
1690 1677 2007 1746 Demipho.

355 1781 494 1816 nam
523 1781 646 1816 non
678 1768 770 1816 est
799 1780 1054 1829 aequom
1083 1780 1182 1816 me
1212 1768 1460 1829 propter
1487 1780 1590 1815 vos
1620 1760 1835 1828 decipi,

354 1864 535 1913 quom
567 1864 680 1912 ego
710 1848 893 1899 vostri
923 1843 1163 1899 honoris
1194 1863 1368 1899 causa
1397 1843 1715 1912 repudium
1745 1842 1969 1898 alterae

354 1931 706 1995 remiserim,
738 1946 891 1995 quae
923 1926 1080 1982 dotis
1110 1926 1474 1982 tantundem
1505 1926 1701 1981 dabat.

357 2020 419 2070 in
450 2015 591 2070 hinc
620 2015 839 2070 malam
868 2034 997 2070 rem
1028 2035 1165 2069 cum
1193 2018 1342 2070 istae
1371 2014 1837 2083 magnificentia,

357 2099 649 2167 fugitive?
695 2102 879 2154 etiam
908 2118 1069 2152 nune
1101 2097 1294 2153 eredis
1324 2104 1388 2153 te
1419 2100 1748 2165 ignorarier

357 2190 462 2237 aut
491 2189 597 2238 tua
626 2181 786 2236 faeta
815 2181 1003 2236 adeo?

1011 2269 1249 2324 inritor'

1268 2370 1418 2419 tune
1448 2362 1602 2418 hanc
1632 2362 1897 2430 duceres.

353 2453 401 2506 si
430 2450 542 2506 tibi
573 2449 853 2505 daretur?

871 2531 963 2585 fae
994 2530 1299 2600 periclum.

1312 2632 1380 2680 ut
1410 2623 1562 2679 filius

352 2736 489 2772 cum
508 2715 610 2771 illa
629 2714 865 2770 habitet
883 2713 1042 2784 apud
1062 2714 1156 2769 te!
1189 2712 1302 2769 hoc
1316 2720 1581 2768 vostrum
1600 2711 1910 2767 consilium
1925 2711 2057 2768 fuit.

354 2824 575 2874 quaeso
605 2803 750 2873 quid
780 2803 1019 2858 narras?

1035 2898 1182 2966 quin
1210 2904 1280 2953 tu
1309 2898 1389 2951 mi
1422 2901 1742 2964 argentum
1774 2892 1938 2948 cedo,

350 2999 533 3050 immo
563 3012 703 3050 vero
733 3010 981 3048 uxorem
1010 2997 1079 3047 tu
1111 2990 1276 3046 cede.

1292 3090 1354 3140 in
1385 3088 1474 3140 ius
1511 3082 1764 3139 ambula.

351 3178 465 3227 104

2159 817 2276 873 9⁶20
