2404 3704
696 238 793 294 PU
805 238 936 293 BLI
950 238 1048 295 US
1092 237 1564 295 'I'ERENTIUS
1609 238 1822 292 AFER

132 361 305 431 Syrus
395 360 530 429 vah,
561 381 739 429 quam
774 359 991 414 vellem
1022 362 1206 415 etiam
1236 366 1420 414 noctu
1450 363 1655 415 amicis
1696 379 1937 428 operam
1982 378 2107 413 mos

483 451 644 499 esset
673 443 801 498 dari
827 444 836 475 '

400 531 546 595 quin
589 533 655 582 tu
703 530 926 581 otiosus
972 533 1138 581 esto:
1192 545 1306 593 ego
1357 525 1516 581 illius
1567 544 1807 581 sensum
1866 523 2115 595 pulchre

485 609 689 665 calleO.

402 713 584 762 quom
629 692 809 748 fervit
861 711 1159 759 maxume,
1206 698 1329 746 tam
1379 690 1679 759 placidum
1729 694 1891 760 quasi
1943 709 2114 745 ovem

486 775 688 832 reddo,

139 865 249 922 Cte.
675 884 792 932 quo
825 863 1044 919 modo?

137 955 308 1024 Syrus
407 953 703 1008 laudarier
722 960 783 1007 te
804 952 974 1006 audit
993 951 1276 1006 lubenter
1301 971 1312 1005 ε
1335 951 1485 1005 facio
1505 958 1567 1006 te
1588 950 1744 1020 apud
1770 950 1937 1006 illum
1956 949 2153 1006 deum.

402 1046 656 1098 virtutes
686 1060 874 1095 narro.

142 1132 252 1189 Cte.
812 1148 974 1183 meas
997 1129 1018 1181 ?

138 1221 309 1290 Syrus
926 1225 1058 1272 tuas
1083 1237 1094 1271 :
1142 1217 1369 1271 homini
1400 1216 1535 1271 ilico
1567 1216 1864 1272 lacrumae
1895 1215 2120 1271 cadunt

403 1311 566 1378 quasi
603 1326 788 1376 puero
818 1305 1053 1374 gaudio.
1145 1325 1242 1360 em
1273 1306 1380 1360 tibi
1414 1313 1616 1359 autem
1643 1306 1653 1359 l

142 1398 251 1455 Cte.
1461 1393 1748 1462 quidnam
1778 1392 1914 1449 est?

139 1488 308 1556 Syrus
1600 1482 1775 1552 lupus
1804 1485 1868 1537 in
1898 1480 2113 1538 fabula.

143 1578 251 1632 Cte.
404 1581 574 1644 pater
605 1572 742 1629 est?

139 1666 309 1734 Syrus
745 1664 794 1717 is
823 1664 1028 1730 ipsust.

142 1755 252 1811 Cte.
1022 1749 1190 1817 Syre,
1221 1749 1365 1817 quid
1395 1749 1669 1818 agimus?

138 1844 308 1912 Syrus
1159 1837 1302 1906 fuge
1333 1837 1511 1892 modo
1541 1842 1718 1906 intm,
1751 1857 1864 1906 ego
1895 1835 2113 1893 videm.

143 1932 251 1988 Cte.
402 1933 447 1985 si
481 1927 625 1998 quid
656 1927 910 1996 rogabit,
944 1946 1236 1994 nusquam
1269 1934 1335 1981 tu
1366 1946 1463 1981 nie
1489 1945 1501 1980 :
1532 1926 1840 1981 audistin?

138 2020 308 2088 Syrus
1504 2018 1712 2083 potine
1743 2021 1811 2069 ut
1840 2012 2118 2070 desinas?

141 2108 351 2162 Demea
406 2105 498 2160 Ne
531 2123 645 2173 ego
663 2102 843 2157 homo
863 2121 994 2158 sum
1019 2101 1228 2156 infelix
1255 2121 1267 2156 :
1292 2100 1540 2157 fratrem
1562 2122 1855 2171 nusquam
1880 2105 2120 2157 invenio
2210 2107 2326 2156 540

143 2195 289 2249 IV.ii
485 2195 761 2261 gentium
787 2209 799 2256 ;

405 2288 716 2351 praeterea
762 2286 986 2344 autem,
1019 2277 1161 2333 dum
1210 2277 1375 2333 illum
1428 2298 1666 2348 quaerO,
1699 2299 1732 2333 a
1779 2278 1918 2333 villa
1962 2299 2118 2334 mer-

486 2371 833 2424 cennarium

405 2458 562 2514 vidi:
593 2461 641 2512 is
674 2456 858 2511 filium
891 2462 1077 2524 negat
1108 2475 1236 2511 esse
1267 2459 1404 2511 ruri.
1475 2475 1587 2511 nec
1613 2455 1757 2525 quid
1779 2475 1954 2525 agam
1975 2460 2111 2512 scic.

142 2549 252 2605 Cte.
407 2547 571 2616 Syre.

149 2637 309 2705 Syrus
519 2632 665 2703 quid
696 2633 825 2688 est?

145 2725 252 2781 Cle.
692 2740 834 2776 men
866 2721 1138 2789 quaerit?

138 2813 309 2882 Syrus
1058 2828 1281 2865 verum.

149 2900 253 2957 Cte.
1216 2900 1383 2967 perii.

139 2989 304 3058 Syrus
1344 2990 1488 3055 quin
1520 2994 1587 3042 tu
1618 2990 1817 3043 animo
1846 2987 2003 3045 bono
2036 3007 2111 3046 es·

146 3076 352 3130 Demea
404 3072 550 3143 quid
568 3072 703 3140 hoc,
722 3071 967 3140 malum,
986 3072 1397 3130 infelicitatis?
1416 3094 1652 3146 nequeo
1672 3079 1813 3132 satis
1832 3075 2159 3133 decernere
2176 3094 2191 3143 ;

405 3160 525 3213 272
