2352 3724
661 239 1016 296 PUBLlUS
1061 239 1532 298 TERENTIUS
1577 241 1685 296 AF
1692 241 1794 295 ER

367 359 473 415 sed
503 367 780 428 patruom
810 359 985 415 video
1016 379 1153 415 cum
1182 368 1354 429 patre
1384 368 1699 416 astantem.
1791 364 1845 416 ei
1875 360 2044 427 mihi,

367 475 545 523 quam
575 458 762 510 timeo
793 454 1089 511 adventus
1118 454 1296 512 huius
1326 475 1444 524 quo
1474 455 1729 525 inpellat
1758 458 2020 526 patrem!

108 552 249 607 Geta
368 550 577 607 adibo:
622 569 658 606 o
688 550 869 620 salve,
899 557 1107 606 noster
1138 550 1441 607 Chremes,

107 647 235 703 Chr.
1447 646 1627 717 salve,
1661 646 1835 704 Geta.

109 742 250 798 Geta
373 745 574 798 venire
606 741 829 798 salvom
860 741 1039 811 volup
1072 749 1180 798 est.
2176 738 2296 799 610
2341 731 2347 734 ’

107 838 233 894 Clzr.
1190 837 1387 895 credo·

108 933 250 990 Geta
1390 933 1536 1003 quid
1565 934 1800 1003 agitur?

369 1030 560 1087 multa
590 1029 960 1098 advenienti,
993 1037 1062 1086 ut
1092 1029 1179 1100 fit,
1210 1049 1365 1085 nova
1393 1028 1530 1084 hic?

107 1126 233 1183 Chr.
1523 1124 1865 1195 compluria.

108 1222 250 1278 Geta
369 1226 469 1278 ita.
560 1220 638 1277 de
669 1220 1025 1291 Antiphone
1055 1219 1320 1277 audistin
1351 1240 1503 1290 quae
1535 1219 1730 1276 facta?

107 1317 233 1374 Chr.
890 1358 898 1362 -
1730 1319 1944 1372 omnia.

109 1414 252 1470 Geta
370 1421 481 1469 tun
513 1413 747 1468 dixeras
778 1412 955 1468 huie?
1001 1411 1231 1467 facinus
1262 1411 1598 1481 indignum,
1633 1410 1940 1481 ChremeS,

369 1514 452 1565 sie
483 1510 809 1564 circumiri!

106 1606 232 1663 Chr.
807 1604 871 1660 id
903 1624 1040 1659 cum
1069 1603 1184 1660 hoc
1215 1604 1470 1673 agebam
1501 1602 1897 1659 commodum.

108 1702 250 1758 Geta
370 1722 511 1757 nam
546 1699 753 1756 hercle
784 1719 898 1769 ego
930 1719 1168 1769 quoque
1206 1699 1266 1755 id
1300 1699 1545 1768 quidem
1581 1702 1816 1767 agitans
1852 1683 2088 1755 mecum

452 1796 661 1853 sedulo

369 1896 593 1962 inveni,
624 1895 854 1962 opinor,
884 1890 1223 1947 remedium
1251 1889 1392 1946 huic
1421 1893 1525 1947 rei.

106 1977 233 2036 Chr.
1531 1972 1697 2043 quid,
1730 1973 1925 2029 Geta?

105 2072 285 2130 Demi.
369 2071 531 2142 quod
560 2070 932 2127 remedium?

107 2169 250 2226 Geta
938 2173 1009 2222 ut
1038 2165 1158 2221 abii
1191 2165 1296 2221 abs
1326 2172 1409 2234 te,
1442 2163 1510 2220 fit
1541 2163 1698 2220 forte
1730 2163 1963 2219 obviam

367 2250 517 2307 mihi
550 2249 846 2307 Phormio,

106 2335 232 2393 Chr.
845 2336 944 2402 qui
982 2331 1298 2387 Phormio?

109 2430 286 2489 Demi.
1287 2430 1336 2483 is
1366 2429 1470 2496 qui
1498 2428 1774 2482 istanc—-

109 2525 232 2583 Chr.
1770 2524 1906 2577 scio,

110 2621 250 2678 Geta
368 2624 620 2677 visumst
647 2623 731 2675 mi
760 2626 831 2675 ut
861 2621 987 2674 eius
1017 2625 1383 2687 temptarem
1413 2619 1795 2672 sententiam.

367 2715 599 2786 prendo
657 2714 966 2770 hominem
1024 2712 1246 2769 solum:
1311 2697 1510 2781 “quor
1571 2710 1751 2778 non,”
1820 2714 2083 2779 inquam,
2172 2706 2306 2766 620*

454 2797 488 2822 “
507 2810 804 2878 PhormiO,

368 2906 552 2974 videS‚
584 2909 745 2960 inter
773 2923 881 2960 nos
912 2907 995 2959 sic
1024 2901 1174 2960 hanc
1204 2905 1403 2971 potius
1433 2921 1571 2956 cum
1599 2900 1757 2956 bona

368 3008 438 3057 ut
467 3018 894 3069 componamus
922 3002 1117 3067 gratia
1145 3017 1325 3066 quam
1355 3016 1492 3051 cum
1520 2994 1713 3050 mala?

368 3115 503 3151 erus
531 3093 794 3150 liberalis
825 3100 920 3149 est
948 3099 1014 3149 et
1042 3091 1309 3160 fugitans
1338 3090 1567 3157 litium3

367 3195 446 3254 70
