2352 3724
116 498 288 556 Philo.

116 594 240 649 Par.

113 881 285 939 Philo.

112 1157 238 1213 Par.

110 1343 133 1397 I
139 1343 281 1399 milo.

110 1439 234 1494 Par.

99 2246 204 2299 Pla·
210 2245 275 2301 lo.

99 2341 228 2398 Par.

97 2697 270 2752 Philo.

97 2797 222 2853 Par.

669 193 1024 254 PUBLIUS
1069 199 1345 255 TEREN
1349 202 1430 256 TI
1440 203 1540 260 US
1585 204 1747 259 AFE
1757 206 1802 259 R

372 315 544 383 perii,
577 314 723 382 quid
755 335 869 384 ego
901 320 1029 387 egi!
1077 322 1140 374 in
1172 321 1333 388 quod
1362 342 1461 379 me
1493 327 1723 379 conieci
1753 325 2006 382 malum!

373 425 497 461 non
527 416 740 476 potero
771 409 928 466 ferre
962 411 1093 481 hoc,
1132 413 1454 471 Parmeno:
1503 422 1649 486 perii
1683 420 1921 475 miser.'’

376 508 441 557 at
468 509 533 557 te
564 502 626 558 di
657 503 930 574 deaeque
960 506 1156 564 faxint
1186 529 1324 565 cum
1355 514 1469 566 isto
1501 512 1657 581 odio,
1691 512 1952 571 Laches!

375 604 447 652 ut
475 597 552 653 ad
581 618 771 668 pauca
799 600 1065 671 redeam,
1097 623 1346 660 uxorem
1376 606 1626 663 deducit
1657 607 1919 665 domum.

372 701 553 749 nocte
584 694 688 750 illa
716 700 909 765 prima
938 701 1234 768 virginem
1264 720 1388 756 11011
1418 706 1656 771 attigit3

371 807 524 858 quae
556 799 938 848 consecutast
966 812 1086 849 nox
1117 813 1269 864 eam,
1301 796 1491 853 nihilo
1520 802 1725 868 magis.

372 885 517 954 quid
547 887 669 943 ais?
713 906 851 943 cum
881 892 1114 957 virgine
1144 910 1264 945 una
1293 892 1648 949 adulescens
1679 895 1957 952 cubuerit

369 974 503 1043 plus
533 983 732 1046 potus,
762 996 892 1032 sese
923 977 1025 1032 illa
1054 979 1358 1036 abstinere
1391 988 1459 1036 ut
1489 983 1793 1050 potuerit?

368 1083 491 1119 non
521 1068 647 1120 veri
676 1064 869 1121 simile
901 1065 1048 1122 dicis
1078 1086 1193 1123 nec
1224 1088 1431 1124 verum
1460 1071 1729 1126 arbitror.

370 1159 551 1215 credo
581 1163 666 1215 ita
694 1160 884 1216 videri
915 1162 1042 1217 tibi.
1118 1182 1261 1218 nam
1289 1183 1470 1220 nemo
1500 1165 1576 1220 ad
1606 1173 1669 1221 te
1700 1170 1869 1222 venit

371 1251 484 1304 nisi
516 1253 764 1318 cupiens
794 1253 884 1304 tui
901 1268 915 1316 3
959 1249 1063 1306 ille
1093 1254 1317 1308 invitus
1347 1252 1511 1307 illam
1543 1253 1813 1309 duxerat.

371 1343 518 1413 quid
548 1344 771 1399 deinde
806 1345 908 1400 fit?

909 1440 1122 1498 diebus
1153 1462 1295 1499 sane
1327 1444 1595 1513 pauculis

364 1536 501 1599 post
534 1528 878 1598 Pamphilus
908 1549 1006 1585 me
1037 1530 1229 1586 solum
1259 1532 1494 1588 seducit
1523 1533 1678 1590 foras

363 1625 705 1686 narratque,
738 1625 807 1672 ut
838 1622 1003 1687 virgo
1031 1619 1108 1675 ab
1137 1639 1201 1675 se
1230 1623 1469 1689 integra
1499 1626 1681 1677 etiam
1711 1630 1841 1677 turn
1873 1626 2007 1692 siet,

365 1726 548 1775 seque
578 1713 721 1762 ante
752 1725 931 1774 quam
962 1726 1095 1763 eam
1124 1728 1371 1764 uxorem
1401 1709 1670 1765 duxisset
1699 1709 1964 1780 domum,

363 1814 631 1863 sperasse
662 1813 761 1850 eas
790 1794 1048 1851 tolerare
1078 1816 1252 1866 posse
1281 1801 1537 1867 nuptias

365 1869 521 1939 “sed
551 1903 731 1952 quam
760 1881 1055 1939 decrerim
1083 1904 1182 1940 me
1212 1905 1336 1940 non
1364 1905 1537 1955 posse
1568 1885 1793 1943 diutius

361 1972 604 2040 habere,
637 1991 770 2026 eam
798 1970 1057 2027 ludibrio
1086 1972 1314 2042 haberi,
1349 1973 1660 2043 ParmenO,

363 2079 562 2128 neque
591 2059 917 2114 honestum
945 2060 1094 2115 mihi
1124 2081 1323 2130 neque
1353 2062 1503 2118 utile
1533 2066 1646 2132 ipsi
1677 2066 1970 2131 virginist,

361 2153 507 2217 quin
536 2152 838 2215 integram
867 2147 1081 2204 itidem
1110 2149 1380 2219 reddam,
1411 2157 1482 2206 ut
1510 2155 1714 2220 accepi
1745 2172 1778 2205 a
1807 2150 1984 2206 suiS.'’

361 2248 526 2313 pium
555 2263 623 2298 ac
653 2242 940 2312 pudicum
968 2246 1282 2312 ingenium
1310 2265 1514 2302 narras
1547 2245 1858 2315 Pamphili.

358 2326 400 2351 “
417 2340 531 2395 hoc
562 2358 676 2408 ego
705 2337 973 2408 proferre
1001 2340 1450 2396 incommodum
1477 2345 1561 2396 mi
1590 2360 1719 2398 esse
1748 2342 2033 2410 arbitror3

359 2429 532 2485 reddi
561 2431 718 2498 patri
747 2433 973 2496 autem,
1002 2432 1142 2497 quoi
1171 2436 1240 2484 tu
1270 2429 1357 2484 nil
1387 2429 1549 2485 dicas
1577 2433 1707 2499 viti,

358 2518 756 2588 superbumst.
845 2514 954 2571 sed
982 2516 1146 2571 illam
1176 2537 1368 2587 spem,
1399 2519 1503 2573 ubi
1532 2518 1646 2573 hoc
1676 2520 2027 2586 cognoverit

358 2627 480 2662 11011
510 2626 683 2676 posse
714 2625 777 2662 se
807 2622 1046 2660 mecum
1078 2625 1228 2674 esse,
1258 2607 1555 2661 abituram
1586 2604 1907 2675 denique.''

354 2695 536 2766 quid?
566 2699 800 2751 interea
830 2692 1037 2750 ibatne
1068 2693 1143 2749 ad
1176 2694 1576 2750 Bacchidem?

1554 2792 1820 2849 cottidie.

353 2884 460 2941 sed
488 2891 559 2940 ut
586 2883 673 2951 fit,
704 2890 1021 2953 postquam
1050 2881 1214 2937 hunc
1242 2881 1507 2937 alienum
1534 2882 1611 2937 ab
1640 2901 1770 2937 sese
1801 2881 1985 2950 videt,

351 2973 614 3041 maligna
642 2971 835 3027 multo
867 2979 931 3027 et
958 2974 1149 3039 magis
1179 2989 1396 3038 procax
1426 2968 1587 3025 facta
1614 2967 1753 3026 ilico
1781 2977 1891 3043 est.

354 3142 464 3193 138

2172 1078 2286 1128 140

2173 2069 2277 2119 151

2171 2157 2286 2206 150
