2352 3724
629 227 982 286 PUBLIUS
1027 230 1388 286 TERENTI
1402 232 1498 288 US
1543 232 1759 286 AFER

331 351 415 403 ita
445 368 541 404 me
574 349 634 404 di
664 350 972 416 amabunt,
1006 349 1167 406 haud
1199 359 1520 421 propterea
1550 359 1612 407 te
1643 372 1806 421 rogO,

333 451 402 498 ut
432 443 545 498 hoc
576 443 895 513 proferam,
928 444 1035 500 sed
1066 449 1250 500 tacita
1281 453 1348 501 ut
1377 466 1614 501 mecum
1645 447 1955 515 gaudeam.

71 539 199 594 Par.
338 559 666 607 numquam
697 546 822 594 tam
853 539 1017 595 dices
1049 541 1361 597 commode
1393 549 1462 597 ut
1491 549 1732 610 tergum
1761 561 1965 596 meum

332 642 498 689 tuam
528 639 591 689 in
622 634 804 690 fidem
835 639 1226 691 committam.

73 730 245 786 Philo.
1252 731 1328 787 ah
1359 732 1502 801 noli,
1538 732 1860 788 Parmeno:
1937 792 1939 794 ,

330 831 496 895 quasi
528 834 595 882 tu
628 847 750 881 non
780 826 975 882 multo
1004 827 1176 883 malis
1207 847 1446 883 narrare
1478 827 1592 883 hoc
1621 827 1770 883 mihi
2141 821 2250 876 110

328 942 507 991 quam
538 941 653 990 ego
684 941 837 991 quae
869 929 1190 991 percontor
1219 926 1385 978 scire.

69 1019 197 1074 Par.
1392 1037 1532 1074 vera
1561 1017 1710 1073 haec
1741 1018 2048 1087 praedicat

331 1122 395 1170 et
426 1114 575 1169 illud
604 1114 753 1168 mihi
785 1117 1058 1169 vitiumst
1085 1133 1449 1169 maxumum.
1527 1117 1575 1169 si
1604 1113 1753 1168 mihi
1784 1113 1964 1169 fidem

328 1211 432 1266 das
463 1218 526 1265 te
558 1214 896 1278 tacituram,
930 1209 1140 1265 dicam.

66 1306 239 1362 Philo.
1143 1303 1219 1359 ad
1251 1308 1566 1372 ingenium
1598 1303 1772 1359 rediS.

329 1389 506 1444 fldem
539 1388 647 1444 do:
695 1388 958 1457 loquere.

64 1487 190 1542 Par.
948 1483 1233 1539 ausculta.

63 1582 236 1639 Philo.
1213 1583 1347 1634 istic
1378 1598 1524 1634 sum.

64 1680 190 1735 Par.
1490 1675 1642 1728 hanc
1678 1674 2037 1730 Bacchidem

323 1762 563 1816 amabat
591 1767 662 1815 ut
691 1778 872 1828 quom
902 1777 1181 1813 maxume
1214 1766 1340 1812 tum
1385 1756 1746 1826 Pamphilus,

323 1864 505 1914 quom
536 1851 708 1913 pater
738 1862 983 1897 uxorem
1019 1849 1087 1896 ut
1117 1841 1300 1896 ducat
1330 1860 1496 1895 orare
1528 1844 1747 1909 occipit

323 1936 388 1984 et
416 1927 566 1982 haec
597 1929 935 1981 communia
966 1928 1235 1980 omnium
1267 1943 1419 1992 quae
1451 1931 1593 1979 sunt
1623 1931 1882 1993 patrum,

323 2031 453 2067 sese
484 2030 693 2066 senem
724 2028 853 2064 esse
885 2008 1107 2076 dicere,
1138 2006 1308 2061 illum
1338 2014 1542 2061 autem
1574 2010 1848 2062 unicum:

323 2093 686 2163 praesidium
719 2091 874 2147 velle
906 2110 968 2146 se
1002 2094 1299 2145 senectuti
1337 2110 1490 2144 suae.

325 2177 424 2232 ille
456 2181 647 2246 primo
678 2195 740 2230 se
771 2193 1027 2242 negare;
1071 2173 1178 2228 sed
1208 2180 1524 2241 postquam
1555 2177 1746 2228 acrius
2128 2176 2238 2226 120

323 2268 495 2330 pater
524 2264 729 2327 instat,
760 2257 908 2312 fecit
936 2260 1119 2311 animi
1150 2263 1220 2311 ut
1247 2260 1513 2310 incertus
1543 2255 1719 2324 foret,

322 2343 578 2412 pudorin
607 2361 765 2396 anne
795 2343 981 2394 amori
1011 2340 1444 2407 obsequeretur
1473 2342 1677 2406 magis,
1745 2350 1747 2353 '

321 2425 636 2482 tundendo
666 2432 848 2492 atque
879 2423 1016 2478 odio
1046 2422 1309 2490 denique
1342 2421 1541 2476 effecit
1571 2439 1787 2477 senex:

320 2508 645 2578 despondit
674 2512 730 2563 ei
759 2514 1008 2575 gnatam
1036 2505 1213 2560 huius
1238 2508 1415 2559 vicini
1446 2507 1733 2573 proxumi.

318 2612 506 2661 usque
536 2590 687 2646 illud
716 2594 967 2645 visumst
999 2587 1311 2657 Pamphilo
1340 2606 1419 2643 ne
1449 2591 1720 2655 utiquam
1749 2606 1951 2654 grave,

317 2676 511 2731 donec
540 2678 659 2729 iam
688 2677 751 2728 in
781 2677 922 2742 ipsis
952 2676 1197 2741 nuptiiS,
1229 2678 1545 2739 postquam
1575 2669 1742 2724 videt

318 2765 553 2828 paratas
582 2776 696 2812 nec
725 2776 953 2811 moram
982 2754 1167 2810 ullam
1198 2758 1342 2822 quin
1374 2753 1556 2809 ducat
1586 2752 1743 2807 dari:

317 2842 400 2897 ibi
429 2840 676 2896 demum
704 2842 790 2894 ita
818 2857 998 2907 aegre
1027 2837 1189 2905 tulit,
1220 2844 1290 2891 ut
1319 2840 1508 2905 ipsam
1539 2833 1920 2902 Bacchidem,

314 2928 364 2981 si
393 2923 651 2991 adesset,
683 2920 863 2978 credo
892 2921 975 2976 ibi
1006 2924 1133 2976 eius
1163 2923 1731 2974 commiseresceret.

315 3007 721 3075 ubiquomque
751 3004 962 3060 datum
991 3009 1122 3059 erat
1151 3005 1412 3071 spatium
1442 2999 1801 3069 solitudinis,
1851 3022 1857 3025 *
2117 3003 2229 3053 130

314 3098 384 3146 ut
414 3089 691 3158 conloqui
720 3106 960 3143 mecum
990 3105 1109 3142 una
1139 3091 1342 3155 posset
1418 3069 1777 3151 “Parmeno

283 3172 430 3231 ’136
