2352 3724
93 407 254 465 Phor.

92 492 234 546 Geta

95 574 255 674 PJzor.

93 657 235 711 (reta

95 700 252 796 Phor.

92 905 234 961 Geta

92 989 255 1045 Phor.

91 1072 234 1126 Geta

92 1155 256 1211 Plzor.

92 1321 233 1377 Geta

92 1405 255 1461 Plzor.

92 1489 232 1542 Geta

96 1571 209 1626 Plzo
215 1592 255 1626 r.

93 1737 234 1791 Geta

94 1820 255 1876 Phor.

94 2152 235 2207 Geta

98 2400 245 2455 Plzor

99 2897 240 2953 Geta

103 2980 264 3036 Phor.

649 284 1002 342 PUBLIUS
1048 285 1517 344 TERENTIUS
1563 285 1779 342 AFER

362 406 652 461 Phanium
682 405 954 461 relictam
983 406 1207 462 solam?

1233 493 1332 547 sic.

1366 581 1430 630 et
1459 578 1677 631 iratum
1708 574 1957 632 senem?

357 656 591 725 oppido

608 739 684 794 ad
716 746 778 794 te
811 759 1041 795 summa
1073 739 1284 807 solum,
1319 739 1615 807 Phormio,
1648 759 1847 795 rerum
1879 738 2067 795 redit:

353 829 486 877 tute
504 822 881 877 hocintristi:
913 824 1023 878 tibi
1038 830 1276 878 omnest
1289 822 1704 879 exedendum:
1735 827 2066 891 accingere.

354 906 599 960 obsecro
630 913 709 959 te.

721 991 769 1043 si
799 987 1035 1055 rogabit
1078 1029 1091 1043 .
1141 1028 1156 1045 .
1203 1029 1218 1046 .

1248 1074 1310 1126 in
1341 1078 1405 1127 te
1437 1091 1571 1141 spes
1603 1079 1710 1128 est.

1730 1174 1959 1224 eccere,

353 1236 499 1307 quid
528 1241 576 1293 si
606 1236 825 1294 reddet
870 1279 882 1293 .
932 1279 946 1294 .
995 1238 1050 1294 .?
2152 1241 2269 1293 320

1065 1326 1133 1375 tu
1163 1319 1449 1389 inpulisti.

1453 1407 1536 1459 sic
1567 1407 1792 1472 opinor.

1807 1485 2073 1542 subveni.

357 1571 505 1626 cedo
530 1590 769 1627 senem:
809 1574 927 1626 iam
949 1574 1243 1625 instructa
1264 1576 1406 1624 sunt
1428 1572 1510 1623 mi
1532 1572 1596 1623 in
1618 1567 1797 1624 corde
1822 1568 2066 1623 consilia

435 1659 648 1709 omnia.

356 1737 499 1805 quid
529 1737 709 1804 ages?

726 1819 870 1888 quid
900 1823 1006 1887 viS,
1031 1824 1143 1876 nisi
1173 1823 1262 1875 uti
1294 1826 1536 1875 maneat
1562 1819 1856 1875 Phanium
1877 1825 2061 1887 atque

438 1922 511 1958 ex
544 1907 790 1957 crimine
822 1903 934 1957 hoc

356 1985 775 2054 Antiphonem
827 1989 1076 2053 eripiam
1126 1993 1308 2053 atque
1360 1988 1423 2038 in
1473 2003 1572 2040 me
1623 2002 1866 2039 omnem
1915 1987 2064 2038 iram

437 2069 704 2124 derivem
734 2069 929 2123 senis?

356 2171 392 2206 o
453 2155 540 2205 vir
599 2150 769 2205 fortis
829 2157 1013 2218 atque
1074 2149 1337 2205 amicu'S.
1424 2168 1632 2204 verum
1692 2147 1807 2203 hoc
1867 2167 2067 2217 saepe,

444 2233 741 2300 Phormio,

359 2335 586 2384 vereor,
600 2334 678 2370 ne
689 2318 876 2370 istaec
889 2313 1182 2369 fortitudo
1194 2317 1257 2368 in
1270 2332 1516 2369 nervom
1531 2319 1806 2381 erumpat
1817 2312 2097 2380 denique.

366 2411 368 2414 '
1969 2395 2066 2463 ah,

363 2502 482 2537 non
507 2486 679 2538 itast:
723 2480 1010 2536 factumst
1033 2478 1342 2548 periclum,
1365 2482 1483 2533 iam
1505 2477 1730 2547 pedum
1751 2481 1934 2532 visast
1956 2482 2061 2531 via.

362 2566 524 2635 quod
553 2584 651 2620 me
691 2583 901 2620 censes
942 2563 1215 2617 homines
1255 2565 1374 2615 iam
1414 2560 1835 2615 deverberasse
1878 2579 2065 2627 usque
2156 2563 2270 2621 327

443 2648 520 2702 ad
549 2647 799 2702 necem?

362 2730 514 2787 cedo
543 2729 706 2797 dum,
739 2747 1103 2797 enumquam
1131 2729 1478 2781 iniuriarum
1507 2723 1725 2779 audisti
1754 2722 1901 2779 mihi
1930 2728 2070 2779 scri·
2159 2728 2276 2788 329

443 2820 610 2880 ptam
639 2811 870 2866 dicam?

363 2899 466 2964 qui
495 2895 686 2949 istuc?
2155 2894 2272 2944 330

557 2981 696 3045 quia
723 2996 846 3030 non
875 2982 1007 3031 rete
1036 2977 1307 3043 accipitri
1334 2977 1610 3030 tennitur
1637 2991 1836 3041 neque
1865 2972 2066 3039 milvo,

365 3063 466 3129 qui
485 3058 642 3114 male
661 3057 892 3113 faciunt
910 3058 1080 3112 nobis
1099 3076 1112 3111 ε
1142 3056 1260 3111 illis
1279 3060 1380 3124 qui
1399 3054 1549 3110 nihil
1568 3054 1799 3109 faciunt
1816 3059 2110 3124 tenuitur,

364 3147 502 3211 quia
533 3144 694 3197 enim
723 3144 787 3194 in
819 3139 933 3194 illis
967 3139 1192 3194 &uatus
1224 3145 1337 3205 est,
1368 3141 1431 3192 in
1460 3136 1576 3192 illis
1606 3155 1786 3206 opera
1820 3136 2064 3193 luditur.
