<?xml version="1.0" encoding="UTF-8"?>
<!DOCTYPE html PUBLIC "-//W3C//DTD XHTML 1.0 Transitional//EN"
    "http://www.w3.org/TR/xhtml1/DTD/xhtml1-transitional.dtd">
<html xmlns="http://www.w3.org/1999/xhtml" xml:lang="en" lang="en">
 <head>
  <title>
</title>
<meta http-equiv="Content-Type" content="text/html;charset=utf-8" />
  <meta name='ocr-system' content='tesseract 3.04.00' />
  <meta name='ocr-capabilities' content='ocr_page ocr_carea ocr_par ocr_line ocrx_word'/>
</head>
<body>
  <div class='ocr_page' id='page_1' title='image "./terence00tereuoft_0298.png"; bbox 0 0 2404 3704; ppageno 0'>
   <div class='ocr_carea' id='block_1_1' title="bbox 723 227 1855 287">
    <p class='ocr_par' dir='ltr' id='par_1_1' title="bbox 723 227 1855 287">
     <span class='ocr_line' id='line_1_1' title="bbox 723 227 1855 287; baseline 0.007 -7"><span class='ocrx_word' id='word_1_1' title='bbox 723 227 965 283; x_wconf 90' lang='lat' dir='ltr'>PUBLI</span> <span class='ocrx_word' id='word_1_2' title='bbox 978 227 1077 284; x_wconf 92' lang='lat' dir='ltr'><strong>US</strong></span> <span class='ocrx_word' id='word_1_3' title='bbox 1122 228 1593 287; x_wconf 82' lang='lat' dir='ltr'>TERENTIUS</span> <span class='ocrx_word' id='word_1_4' title='bbox 1637 231 1855 287; x_wconf 86' lang='lat' dir='ltr'><strong>AFER</strong></span> 
     </span>
    </p>
   </div>
   <div class='ocr_carea' id='block_1_2' title="bbox 171 347 2362 1086">
    <p class='ocr_par' dir='ltr' id='par_1_2' title="bbox 171 347 2362 1086">
     <span class='ocr_line' id='line_1_2' title="bbox 177 347 2362 435; baseline 0.003 -33"><span class='ocrx_word' id='word_1_5' title='bbox 177 349 365 403; x_wconf 81' lang='lat' dir='ltr'><strong>Micio</strong></span> <span class='ocrx_word' id='word_1_6' title='bbox 428 365 543 414; x_wconf 89' lang='lat' dir='ltr'><strong>qua</strong></span> <span class='ocrx_word' id='word_1_7' title='bbox 573 349 805 401; x_wconf 86' lang='lat' dir='ltr'><strong>ratione</strong></span> <span class='ocrx_word' id='word_1_8' title='bbox 837 347 1036 402; x_wconf 88' lang='lat' dir='ltr'><strong>istuc?</strong></span> <span class='ocrx_word' id='word_1_9' title='bbox 1081 350 1213 416; x_wconf 89' lang='lat' dir='ltr'><strong>quis</strong></span> <span class='ocrx_word' id='word_1_10' title='bbox 1243 347 1612 418; x_wconf 76' lang='lat' dir='ltr'><strong>despondit?</strong></span> <span class='ocrx_word' id='word_1_11' title='bbox 1656 354 1789 420; x_wconf 89' lang='lat' dir='ltr'><strong>quis</strong></span> <span class='ocrx_word' id='word_1_12' title='bbox 1819 351 2034 408; x_wconf 84' lang='lat' dir='ltr'><strong>dedit?</strong></span> <span class='ocrx_word' id='word_1_13' title='bbox 2243 372 2362 435; x_wconf 77' lang='lat'><strong>670</strong></span> 
     </span>
     <span class='ocr_line' id='line_1_3' title="bbox 429 429 2029 503; baseline 0.006 -21"><span class='ocrx_word' id='word_1_14' title='bbox 429 432 567 498; x_wconf 91' lang='lat' dir='ltr'><strong>quoi</strong></span> <span class='ocrx_word' id='word_1_15' title='bbox 599 429 839 497; x_wconf 92' lang='lat' dir='ltr'><strong>quando</strong></span> <span class='ocrx_word' id='word_1_16' title='bbox 868 431 1118 499; x_wconf 87' lang='lat' dir='ltr'><strong>nupsit?</strong></span> <span class='ocrx_word' id='word_1_17' title='bbox 1161 439 1370 487; x_wconf 79' lang='lat' dir='ltr'>auctor</span> <span class='ocrx_word' id='word_1_18' title='bbox 1399 431 1491 488; x_wconf 92' lang='lat' dir='ltr'><strong>his</strong></span> <span class='ocrx_word' id='word_1_19' title='bbox 1521 433 1700 490; x_wconf 91' lang='lat' dir='ltr'><strong>rebus</strong></span> <span class='ocrx_word' id='word_1_20' title='bbox 1732 438 1863 503; x_wconf 89' lang='lat' dir='ltr'><strong>quis</strong></span> <span class='ocrx_word' id='word_1_21' title='bbox 1894 436 2029 491; x_wconf 87' lang='lat' dir='ltr'><strong>est?</strong></span> 
     </span>
     <span class='ocr_line' id='line_1_4' title="bbox 427 512 1111 582; baseline 0.001 -15"><span class='ocrx_word' id='word_1_22' title='bbox 427 531 577 582; x_wconf 87' lang='lat' dir='ltr'><strong>quor</strong></span> <span class='ocrx_word' id='word_1_23' title='bbox 606 512 780 568; x_wconf 86' lang='lat' dir='ltr'><strong>duxit</strong></span> <span class='ocrx_word' id='word_1_24' title='bbox 808 512 1111 568; x_wconf 88' lang='lat' dir='ltr'><strong>alienam?</strong></span> 
     </span>
     <span class='ocr_line' id='line_1_5' title="bbox 173 597 1749 668; baseline 0.004 -19"><span class='ocrx_word' id='word_1_25' title='bbox 173 599 213 649; x_wconf 84' lang='lat' dir='ltr'><em>A</em></span> <span class='ocrx_word' id='word_1_26' title='bbox 223 616 291 650; x_wconf 80' lang='lat' dir='ltr'><strong>es.</strong></span> <span class='ocrx_word' id='word_1_27' title='bbox 1131 616 1209 652; x_wconf 93' lang='lat' dir='ltr'><strong>an</strong></span> <span class='ocrx_word' id='word_1_28' title='bbox 1238 597 1450 654; x_wconf 93' lang='lat' dir='ltr'><strong>sedere</strong></span> <span class='ocrx_word' id='word_1_29' title='bbox 1481 603 1749 668; x_wconf 89' lang='lat' dir='ltr'><strong>oportuit</strong></span> 
     </span>
     <span class='ocr_line' id='line_1_6' title="bbox 432 677 2066 752; baseline 0.006 -20"><span class='ocrx_word' id='word_1_30' title='bbox 432 677 594 733; x_wconf 91' lang='lat' dir='ltr'><strong>domi</strong></span> <span class='ocrx_word' id='word_1_31' title='bbox 623 682 919 747; x_wconf 90' lang='lat' dir='ltr'><strong>virginem</strong></span> <span class='ocrx_word' id='word_1_32' title='bbox 949 686 1075 735; x_wconf 88' lang='lat' dir='ltr'><strong>tam</strong></span> <span class='ocrx_word' id='word_1_33' title='bbox 1105 680 1419 750; x_wconf 84' lang='lat' dir='ltr'><strong>grandem,</strong></span> <span class='ocrx_word' id='word_1_34' title='bbox 1451 681 1596 737; x_wconf 91' lang='lat' dir='ltr'><strong>dum</strong></span> <span class='ocrx_word' id='word_1_35' title='bbox 1627 690 1918 752; x_wconf 89' lang='lat' dir='ltr'><strong>cognatus</strong></span> <span class='ocrx_word' id='word_1_36' title='bbox 1947 683 2066 741; x_wconf 90' lang='lat' dir='ltr'><strong>huc</strong></span> 
     </span>
     <span class='ocr_line' id='line_1_7' title="bbox 434 761 1941 836; baseline 0.005 -21"><span class='ocrx_word' id='word_1_37' title='bbox 434 761 596 817; x_wconf 89' lang='lat' dir='ltr'><strong>illinc</strong></span> <span class='ocrx_word' id='word_1_38' title='bbox 626 766 863 817; x_wconf 90' lang='lat' dir='ltr'><strong>veniret</strong></span> <span class='ocrx_word' id='word_1_39' title='bbox 893 765 1394 832; x_wconf 80' lang='lat' dir='ltr'><strong>exspectantem?</strong></span> <span class='ocrx_word' id='word_1_40' title='bbox 1439 764 1608 835; x_wconf 89' lang='lat' dir='ltr'><strong>haec,</strong></span> <span class='ocrx_word' id='word_1_41' title='bbox 1638 770 1721 822; x_wconf 91' lang='lat' dir='ltr'><strong>mi</strong></span> <span class='ocrx_word' id='word_1_42' title='bbox 1750 775 1941 836; x_wconf 87' lang='lat' dir='ltr'><strong>pater,</strong></span> 
     </span>
     <span class='ocr_line' id='line_1_8' title="bbox 435 845 1730 914; baseline 0.004 -15"><span class='ocrx_word' id='word_1_43' title='bbox 435 852 494 900; x_wconf 88' lang='lat' dir='ltr'><strong>te</strong></span> <span class='ocrx_word' id='word_1_44' title='bbox 526 845 728 901; x_wconf 84' lang='lat' dir='ltr'><strong>dicere</strong></span> <span class='ocrx_word' id='word_1_45' title='bbox 759 865 1015 914; x_wconf 91' lang='lat' dir='ltr'><strong>aequom</strong></span> <span class='ocrx_word' id='word_1_46' title='bbox 1046 845 1164 901; x_wconf 90' lang='lat' dir='ltr'><strong>fuit</strong></span> <span class='ocrx_word' id='word_1_47' title='bbox 1194 854 1258 902; x_wconf 92' lang='lat' dir='ltr'><strong>et</strong></span> <span class='ocrx_word' id='word_1_48' title='bbox 1288 847 1350 902; x_wconf 91' lang='lat' dir='ltr'><strong>id</strong></span> <span class='ocrx_word' id='word_1_49' title='bbox 1381 847 1730 905; x_wconf 88' lang='lat' dir='ltr'><strong>defendere.</strong></span> 
     </span>
     <span class='ocr_line' id='line_1_9' title="bbox 171 927 1984 988; baseline 0.003 -6"><span class='ocrx_word' id='word_1_50' title='bbox 171 927 344 982; x_wconf 68' lang='lat' dir='ltr'><strong>Micio</strong></span> <span class='ocrx_word' id='word_1_51' title='bbox 433 928 787 984; x_wconf 88' lang='lat' dir='ltr'><strong>ridiculum:</strong></span> <span class='ocrx_word' id='word_1_52' title='bbox 818 928 1216 986; x_wconf 89' lang='lat' dir='ltr'><strong>advorsumne</strong></span> <span class='ocrx_word' id='word_1_53' title='bbox 1247 930 1418 985; x_wconf 91' lang='lat' dir='ltr'><strong>illum</strong></span> <span class='ocrx_word' id='word_1_54' title='bbox 1450 951 1687 987; x_wconf 89' lang='lat' dir='ltr'><strong>causam</strong></span> <span class='ocrx_word' id='word_1_55' title='bbox 1718 932 1984 988; x_wconf 84' lang='lat' dir='ltr'><strong>dicerem</strong></span> 
     </span>
     <span class='ocr_line' id='line_1_10' title="bbox 433 1012 2131 1086; baseline 0.004 -20"><span class='ocrx_word' id='word_1_56' title='bbox 433 1015 573 1081; x_wconf 92' lang='lat' dir='ltr'><strong>quoi</strong></span> <span class='ocrx_word' id='word_1_57' title='bbox 601 1031 885 1067; x_wconf 89' lang='lat' dir='ltr'><strong>veneram</strong></span> <span class='ocrx_word' id='word_1_58' title='bbox 917 1012 1283 1069; x_wconf 85' lang='lat' dir='ltr'><strong>advocatus?</strong></span> <span class='ocrx_word' id='word_1_59' title='bbox 1330 1013 1436 1069; x_wconf 93' lang='lat' dir='ltr'><strong>sed</strong></span> <span class='ocrx_word' id='word_1_60' title='bbox 1467 1015 1613 1083; x_wconf 90' lang='lat' dir='ltr'><strong>quid</strong></span> <span class='ocrx_word' id='word_1_61' title='bbox 1642 1019 1775 1084; x_wconf 91' lang='lat' dir='ltr'><strong>ista,</strong></span> <span class='ocrx_word' id='word_1_62' title='bbox 1807 1015 2131 1086; x_wconf 85' lang='lat' dir='ltr'><strong>Aeschine,</strong></span> 
     </span>
    </p>
   </div>
   <div class='ocr_carea' id='block_1_3' title="bbox 435 1095 2205 1247">
    <p class='ocr_par' dir='ltr' id='par_1_3' title="bbox 435 1095 2205 1247">
     <span class='ocr_line' id='line_1_11' title="bbox 435 1095 2205 1169; baseline 0.003 -20"><span class='ocrx_word' id='word_1_63' title='bbox 435 1096 680 1150; x_wconf 89' lang='lat' dir='ltr'><strong>nostra?</strong></span> <span class='ocrx_word' id='word_1_64' title='bbox 709 1102 816 1150; x_wconf 89' lang='lat' dir='ltr'><strong>aut</strong></span> <span class='ocrx_word' id='word_1_65' title='bbox 838 1095 983 1164; x_wconf 89' lang='lat' dir='ltr'><strong>quid</strong></span> <span class='ocrx_word' id='word_1_66' title='bbox 1005 1097 1177 1152; x_wconf 92' lang='lat' dir='ltr'><strong>nobis</strong></span> <span class='ocrx_word' id='word_1_67' title='bbox 1202 1117 1339 1152; x_wconf 92' lang='lat' dir='ltr'><strong>cum</strong></span> <span class='ocrx_word' id='word_1_68' title='bbox 1361 1097 1477 1153; x_wconf 85' lang='lat' dir='ltr'><strong>illis</strong></span> <span class='ocrx_word' id='word_1_69' title='bbox 1500 1099 1521 1152; x_wconf 93' lang='lat'>?</span> <span class='ocrx_word' id='word_1_70' title='bbox 1550 1099 1849 1154; x_wconf 87' lang='lat' dir='ltr'><strong>abeamus.</strong></span> <span class='ocrx_word' id='word_1_71' title='bbox 1899 1099 2044 1169; x_wconf 91' lang='lat' dir='ltr'><strong>quid</strong></span> <span class='ocrx_word' id='word_1_72' title='bbox 2068 1100 2205 1156; x_wconf 88' lang='lat' dir='ltr'><strong>est?</strong></span> 
     </span>
     <span class='ocr_line' id='line_1_12' title="bbox 435 1178 945 1247; baseline 0.002 -15"><span class='ocrx_word' id='word_1_73' title='bbox 435 1178 580 1247; x_wconf 90' lang='lat' dir='ltr'><strong>quid</strong></span> <span class='ocrx_word' id='word_1_74' title='bbox 610 1178 900 1234; x_wconf 83' lang='lat' dir='ltr'><strong>lacrumas</strong></span> <span class='ocrx_word' id='word_1_75' title='bbox 923 1179 945 1233; x_wconf 88' lang='lat'>?</span> 
     </span>
    </p>
   </div>
   <div class='ocr_carea' id='block_1_4' title="bbox 174 1262 2361 1747">
    <p class='ocr_par' dir='ltr' id='par_1_4' title="bbox 174 1262 2361 1747">
     <span class='ocr_line' id='line_1_13' title="bbox 175 1262 1566 1332; baseline 0.002 -16"><span class='ocrx_word' id='word_1_76' title='bbox 175 1263 296 1316; x_wconf 58' lang='lat' dir='ltr'><strong>⁴aies.</strong></span> <span class='ocrx_word' id='word_1_77' title='bbox 762 1268 954 1331; x_wconf 87' lang='lat' dir='ltr'><strong>pater,</strong></span> <span class='ocrx_word' id='word_1_78' title='bbox 985 1262 1251 1332; x_wconf 84' lang='lat' dir='ltr'><strong>obsecrO,</strong></span> <span class='ocrx_word' id='word_1_79' title='bbox 1281 1264 1566 1320; x_wconf 89' lang='lat' dir='ltr'><strong>ausculta.</strong></span> 
     </span>
     <span class='ocr_line' id='line_1_14' title="bbox 174 1344 2153 1416; baseline 0.002 -16"><span class='ocrx_word' id='word_1_80' title='bbox 174 1344 346 1400; x_wconf 79' lang='lat' dir='ltr'><strong>Micio</strong></span> <span class='ocrx_word' id='word_1_81' title='bbox 1367 1346 1692 1416; x_wconf 86' lang='lat' dir='ltr'><strong>Aeschine,</strong></span> <span class='ocrx_word' id='word_1_82' title='bbox 1723 1347 1923 1404; x_wconf 89' lang='lat' dir='ltr'><strong>audivi</strong></span> <span class='ocrx_word' id='word_1_83' title='bbox 1954 1352 2153 1404; x_wconf 88' lang='lat' dir='ltr'><strong>omnia</strong></span> 
     </span>
     <span class='ocr_line' id='line_1_15' title="bbox 437 1430 2361 1501; baseline 0.002 -17"><span class='ocrx_word' id='word_1_84' title='bbox 437 1436 501 1484; x_wconf 94' lang='lat' dir='ltr'><strong>et</strong></span> <span class='ocrx_word' id='word_1_85' title='bbox 531 1447 689 1496; x_wconf 86' lang='lat' dir='ltr'><strong>sc103</strong></span> <span class='ocrx_word' id='word_1_86' title='bbox 728 1448 869 1483; x_wconf 91' lang='lat' dir='ltr'><strong>nam</strong></span> <span class='ocrx_word' id='word_1_87' title='bbox 899 1435 963 1484; x_wconf 88' lang='lat' dir='ltr'><strong>te</strong></span> <span class='ocrx_word' id='word_1_88' title='bbox 993 1448 1164 1484; x_wconf 90' lang='lat' dir='ltr'><strong>amo:</strong></span> <span class='ocrx_word' id='word_1_89' title='bbox 1210 1449 1328 1498; x_wconf 93' lang='lat' dir='ltr'><strong>quo</strong></span> <span class='ocrx_word' id='word_1_90' title='bbox 1372 1434 1563 1500; x_wconf 89' lang='lat' dir='ltr'><strong>magis</strong></span> <span class='ocrx_word' id='word_1_91' title='bbox 1607 1451 1760 1500; x_wconf 93' lang='lat' dir='ltr'><strong>quae</strong></span> <span class='ocrx_word' id='word_1_92' title='bbox 1804 1436 1932 1501; x_wconf 89' lang='lat' dir='ltr'><strong>agis</strong></span> <span class='ocrx_word' id='word_1_93' title='bbox 1976 1452 2151 1488; x_wconf 92' lang='lat' dir='ltr'><strong>curae</strong></span> <span class='ocrx_word' id='word_1_94' title='bbox 2243 1430 2361 1489; x_wconf 84' lang='grc'><strong>680</strong></span> 
     </span>
     <span class='ocr_line' id='line_1_16' title="bbox 520 1511 854 1568; baseline -0.006 0"><span class='ocrx_word' id='word_1_95' title='bbox 520 1519 662 1568; x_wconf 91' lang='lat' dir='ltr'><strong>sunt</strong></span> <span class='ocrx_word' id='word_1_96' title='bbox 690 1511 854 1566; x_wconf 89' lang='lat' dir='ltr'><strong>mihi.</strong></span> 
     </span>
     <span class='ocr_line' id='line_1_17' title="bbox 177 1594 2151 1667; baseline 0.002 -16"><span class='ocrx_word' id='word_1_97' title='bbox 177 1595 299 1651; x_wconf 76' lang='lat' dir='ltr'><strong>Aes.</strong></span> <span class='ocrx_word' id='word_1_98' title='bbox 442 1599 526 1651; x_wconf 86' lang='lat' dir='ltr'><strong>ita</strong></span> <span class='ocrx_word' id='word_1_99' title='bbox 567 1594 747 1650; x_wconf 88' lang='lat' dir='ltr'><strong>velim</strong></span> <span class='ocrx_word' id='word_1_100' title='bbox 786 1615 883 1650; x_wconf 93' lang='lat' dir='ltr'><strong>me</strong></span> <span class='ocrx_word' id='word_1_101' title='bbox 933 1603 1383 1664; x_wconf 78' lang='lat' dir='ltr'><strong>promerentem</strong></span> <span class='ocrx_word' id='word_1_102' title='bbox 1427 1617 1611 1667; x_wconf 91' lang='lat' dir='ltr'><strong>ames,</strong></span> <span class='ocrx_word' id='word_1_103' title='bbox 1657 1596 1802 1653; x_wconf 92' lang='lat' dir='ltr'><strong>dum</strong></span> <span class='ocrx_word' id='word_1_104' title='bbox 1848 1601 2027 1667; x_wconf 91' lang='lat' dir='ltr'><strong>vivas,</strong></span> <span class='ocrx_word' id='word_1_105' title='bbox 2070 1602 2151 1654; x_wconf 89' lang='lat' dir='ltr'><strong>mi</strong></span> 
     </span>
     <span class='ocr_line' id='line_1_18' title="bbox 522 1686 712 1747; baseline 0.005 -16"><span class='ocrx_word' id='word_1_106' title='bbox 522 1686 712 1747; x_wconf 82' lang='lat' dir='ltr'><strong>pater,</strong></span> 
     </span>
    </p>
   </div>
   <div class='ocr_carea' id='block_1_5' title="bbox 183 1760 2364 3078">
    <p class='ocr_par' dir='ltr' id='par_1_5' title="bbox 439 1760 2153 1901">
     <span class='ocr_line' id='line_1_19' title="bbox 439 1760 2153 1831; baseline 0.002 -15"><span class='ocrx_word' id='word_1_107' title='bbox 439 1769 508 1816; x_wconf 85' lang='lat' dir='ltr'><strong>ut</strong></span> <span class='ocrx_word' id='word_1_108' title='bbox 537 1781 634 1816; x_wconf 90' lang='lat' dir='ltr'><strong>me</strong></span> <span class='ocrx_word' id='word_1_109' title='bbox 666 1761 779 1817; x_wconf 92' lang='lat' dir='ltr'><strong>hoc</strong></span> <span class='ocrx_word' id='word_1_110' title='bbox 809 1760 1100 1817; x_wconf 90' lang='lat' dir='ltr'><strong>delictum</strong></span> <span class='ocrx_word' id='word_1_111' title='bbox 1130 1762 1438 1819; x_wconf 88' lang='lat' dir='ltr'><strong>admisisse</strong></span> <span class='ocrx_word' id='word_1_112' title='bbox 1468 1767 1531 1818; x_wconf 92' lang='lat' dir='ltr'><strong>in</strong></span> <span class='ocrx_word' id='word_1_113' title='bbox 1561 1784 1679 1831; x_wconf 89' lang='lat' dir='ltr'><strong>me,</strong></span> <span class='ocrx_word' id='word_1_114' title='bbox 1704 1763 1765 1819; x_wconf 92' lang='lat' dir='ltr'><strong>id</strong></span> <span class='ocrx_word' id='word_1_115' title='bbox 1796 1763 1942 1819; x_wconf 91' lang='lat' dir='ltr'><strong>mihi</strong></span> <span class='ocrx_word' id='word_1_116' title='bbox 1973 1763 2153 1820; x_wconf 89' lang='lat' dir='ltr'><strong>vehe-</strong></span> 
     </span>
     <span class='ocr_line' id='line_1_20' title="bbox 522 1844 957 1901; baseline 0.005 -2"><span class='ocrx_word' id='word_1_117' title='bbox 522 1852 761 1900; x_wconf 80' lang='lat' dir='ltr'><strong>menter</strong></span> <span class='ocrx_word' id='word_1_118' title='bbox 789 1844 957 1901; x_wconf 91' lang='lat' dir='ltr'><strong>dolet</strong></span> 
     </span>
    </p>

    <p class='ocr_par' dir='ltr' id='par_1_6' title="bbox 441 1927 991 1998">
     <span class='ocr_line' id='line_1_21' title="bbox 441 1927 991 1998; baseline -0.002 -14"><span class='ocrx_word' id='word_1_119' title='bbox 441 1935 505 1984; x_wconf 92' lang='lat' dir='ltr'><strong>et</strong></span> <span class='ocrx_word' id='word_1_120' title='bbox 533 1948 631 1983; x_wconf 92' lang='lat' dir='ltr'><strong>me</strong></span> <span class='ocrx_word' id='word_1_121' title='bbox 662 1932 754 1983; x_wconf 88' lang='lat' dir='ltr'><strong>tui</strong></span> <span class='ocrx_word' id='word_1_122' title='bbox 784 1927 991 1998; x_wconf 91' lang='lat' dir='ltr'><strong>pudet.</strong></span> 
     </span>
    </p>

    <p class='ocr_par' dir='ltr' id='par_1_7' title="bbox 183 2010 2157 2081">
     <span class='ocr_line' id='line_1_22' title="bbox 183 2010 2157 2081; baseline -0.001 -14"><span class='ocrx_word' id='word_1_123' title='bbox 183 2012 351 2067; x_wconf 75' lang='lat' dir='ltr'><strong>Micio</strong></span> <span class='ocrx_word' id='word_1_124' title='bbox 826 2010 1006 2067; x_wconf 91' lang='lat' dir='ltr'><strong>credo</strong></span> <span class='ocrx_word' id='word_1_125' title='bbox 1036 2010 1239 2067; x_wconf 91' lang='lat' dir='ltr'><strong>hercle</strong></span> <span class='ocrx_word' id='word_1_126' title='bbox 1266 2031 1278 2078; x_wconf 91' lang='lat'>;</span> <span class='ocrx_word' id='word_1_127' title='bbox 1310 2032 1448 2066; x_wconf 78' lang='lat' dir='ltr'><strong>nain</strong></span> <span class='ocrx_word' id='word_1_128' title='bbox 1480 2016 1791 2081; x_wconf 85' lang='lat' dir='ltr'><strong>ingenium</strong></span> <span class='ocrx_word' id='word_1_129' title='bbox 1822 2016 1959 2067; x_wconf 92' lang='lat' dir='ltr'><strong>novi</strong></span> <span class='ocrx_word' id='word_1_130' title='bbox 1990 2020 2157 2067; x_wconf 67' lang='lat' dir='ltr'><strong>tuom</strong></span> 
     </span>
    </p>

    <p class='ocr_par' dir='ltr' id='par_1_8' title="bbox 441 2093 2011 2164">
     <span class='ocr_line' id='line_1_23' title="bbox 441 2093 2011 2164; baseline 0.001 -15"><span class='ocrx_word' id='word_1_131' title='bbox 441 2093 726 2162; x_wconf 85' lang='lat' dir='ltr'><strong>liberale3</strong></span> <span class='ocrx_word' id='word_1_132' title='bbox 756 2093 864 2150; x_wconf 90' lang='lat' dir='ltr'><strong>sed</strong></span> <span class='ocrx_word' id='word_1_133' title='bbox 894 2114 1104 2150; x_wconf 91' lang='lat' dir='ltr'><strong>vereor</strong></span> <span class='ocrx_word' id='word_1_134' title='bbox 1133 2114 1211 2150; x_wconf 88' lang='lat' dir='ltr'><strong>ne</strong></span> <span class='ocrx_word' id='word_1_135' title='bbox 1242 2094 1569 2164; x_wconf 87' lang='lat' dir='ltr'><strong>indiligens</strong></span> <span class='ocrx_word' id='word_1_136' title='bbox 1598 2099 1851 2150; x_wconf 87' lang='lat' dir='ltr'><strong>nimium</strong></span> <span class='ocrx_word' id='word_1_137' title='bbox 1881 2098 2011 2151; x_wconf 88' lang='lat' dir='ltr'><strong>sies.</strong></span> 
     </span>
    </p>

    <p class='ocr_par' dir='ltr' id='par_1_9' title="bbox 442 2177 1897 2247">
     <span class='ocr_line' id='line_1_24' title="bbox 442 2177 1897 2247; baseline 0.001 -15"><span class='ocrx_word' id='word_1_138' title='bbox 442 2183 503 2232; x_wconf 91' lang='lat' dir='ltr'><strong>in</strong></span> <span class='ocrx_word' id='word_1_139' title='bbox 534 2198 652 2247; x_wconf 88' lang='lat' dir='ltr'><strong>qua</strong></span> <span class='ocrx_word' id='word_1_140' title='bbox 681 2181 926 2233; x_wconf 88' lang='lat' dir='ltr'><strong>civitate</strong></span> <span class='ocrx_word' id='word_1_141' title='bbox 956 2177 1207 2233; x_wconf 88' lang='lat' dir='ltr'><strong>tandem</strong></span> <span class='ocrx_word' id='word_1_142' title='bbox 1236 2185 1301 2233; x_wconf 91' lang='lat' dir='ltr'><strong>te</strong></span> <span class='ocrx_word' id='word_1_143' title='bbox 1331 2178 1621 2234; x_wconf 78' lang='lat' dir='ltr'><strong>arbitrare</strong></span> <span class='ocrx_word' id='word_1_144' title='bbox 1651 2178 1897 2234; x_wconf 88' lang='lat' dir='ltr'><strong>vivere?</strong></span> 
     </span>
    </p>

    <p class='ocr_par' dir='ltr' id='par_1_10' title="bbox 442 2259 2095 2330">
     <span class='ocr_line' id='line_1_25' title="bbox 442 2259 2095 2330; baseline 0.001 -15"><span class='ocrx_word' id='word_1_145' title='bbox 442 2265 737 2330; x_wconf 89' lang='lat' dir='ltr'><strong>virginem</strong></span> <span class='ocrx_word' id='word_1_146' title='bbox 766 2265 989 2316; x_wconf 86' lang='lat' dir='ltr'><strong>vitiasti</strong></span> <span class='ocrx_word' id='word_1_147' title='bbox 1021 2281 1200 2329; x_wconf 91' lang='lat' dir='ltr'><strong>quam</strong></span> <span class='ocrx_word' id='word_1_148' title='bbox 1230 2268 1294 2316; x_wconf 90' lang='lat' dir='ltr'><strong>te</strong></span> <span class='ocrx_word' id='word_1_149' title='bbox 1325 2280 1448 2316; x_wconf 90' lang='lat' dir='ltr'><strong>non</strong></span> <span class='ocrx_word' id='word_1_150' title='bbox 1477 2265 1568 2316; x_wconf 92' lang='lat' dir='ltr'><strong>ius</strong></span> <span class='ocrx_word' id='word_1_151' title='bbox 1598 2259 1797 2316; x_wconf 89' lang='lat' dir='ltr'><strong>fuerat</strong></span> <span class='ocrx_word' id='word_1_152' title='bbox 1825 2268 2095 2330; x_wconf 87' lang='lat' dir='ltr'><strong>tangere.</strong></span> 
     </span>
    </p>

    <p class='ocr_par' dir='ltr' id='par_1_11' title="bbox 442 2343 2160 2482">
     <span class='ocr_line' id='line_1_26' title="bbox 442 2343 2160 2413; baseline -0.001 -14"><span class='ocrx_word' id='word_1_153' title='bbox 442 2349 560 2399; x_wconf 90' lang='lat' dir='ltr'><strong>iam</strong></span> <span class='ocrx_word' id='word_1_154' title='bbox 609 2343 672 2399; x_wconf 88' lang='lat' dir='ltr'><strong>id</strong></span> <span class='ocrx_word' id='word_1_155' title='bbox 722 2351 1039 2413; x_wconf 88' lang='lat' dir='ltr'><strong>peccatum</strong></span> <span class='ocrx_word' id='word_1_156' title='bbox 1091 2347 1349 2413; x_wconf 91' lang='lat' dir='ltr'><strong>primum</strong></span> <span class='ocrx_word' id='word_1_157' title='bbox 1394 2364 1701 2413; x_wconf 89' lang='lat' dir='ltr'><strong>magnum,</strong></span> <span class='ocrx_word' id='word_1_158' title='bbox 1745 2363 2052 2413; x_wconf 90' lang='lat' dir='ltr'><strong>magnum,</strong></span> <span class='ocrx_word' id='word_1_159' title='bbox 2096 2350 2160 2399; x_wconf 91' lang='lat' dir='ltr'><strong>at</strong></span> 
     </span>
     <span class='ocr_line' id='line_1_27' title="bbox 524 2427 1126 2482; baseline -0.002 0"><span class='ocrx_word' id='word_1_160' title='bbox 524 2427 855 2482; x_wconf 90' lang='lat' dir='ltr'><strong>humanum</strong></span> <span class='ocrx_word' id='word_1_161' title='bbox 883 2434 1090 2482; x_wconf 89' lang='lat' dir='ltr'><strong>tamen</strong></span> <span class='ocrx_word' id='word_1_162' title='bbox 1113 2445 1126 2482; x_wconf 90' lang='lat'><strong>:</strong></span> 
     </span>
    </p>

    <p class='ocr_par' dir='ltr' id='par_1_12' title="bbox 443 2508 2158 2649">
     <span class='ocr_line' id='line_1_28' title="bbox 443 2508 2158 2579; baseline -0.001 -13"><span class='ocrx_word' id='word_1_163' title='bbox 443 2510 643 2567; x_wconf 87' lang='lat' dir='ltr'><strong>fecere</strong></span> <span class='ocrx_word' id='word_1_164' title='bbox 673 2510 774 2564; x_wconf 90' lang='lat' dir='ltr'><strong>alii</strong></span> <span class='ocrx_word' id='word_1_165' title='bbox 805 2529 983 2579; x_wconf 91' lang='lat' dir='ltr'><strong>saepe</strong></span> <span class='ocrx_word' id='word_1_166' title='bbox 1014 2514 1163 2565; x_wconf 91' lang='lat' dir='ltr'><strong>item</strong></span> <span class='ocrx_word' id='word_1_167' title='bbox 1194 2510 1351 2565; x_wconf 90' lang='lat' dir='ltr'><strong>boni.</strong></span> <span class='ocrx_word' id='word_1_168' title='bbox 1421 2517 1485 2566; x_wconf 90' lang='lat' dir='ltr'><strong>at</strong></span> <span class='ocrx_word' id='word_1_169' title='bbox 1508 2516 1824 2579; x_wconf 91' lang='lat' dir='ltr'><strong>postquam</strong></span> <span class='ocrx_word' id='word_1_170' title='bbox 1849 2508 1911 2564; x_wconf 94' lang='lat' dir='ltr'><strong>id</strong></span> <span class='ocrx_word' id='word_1_171' title='bbox 1934 2513 2158 2577; x_wconf 88' lang='lat' dir='ltr'><strong>evenit,</strong></span> 
     </span>
     <span class='ocr_line' id='line_1_29' title="bbox 528 2592 680 2649; baseline -0.007 0"><span class='ocrx_word' id='word_1_172' title='bbox 528 2592 680 2649; x_wconf 90' lang='lat' dir='ltr'><strong>cedo</strong></span> 
     </span>
    </p>

    <p class='ocr_par' dir='ltr' id='par_1_13' title="bbox 443 2673 2158 2829">
     <span class='ocr_line' id='line_1_30' title="bbox 443 2673 2158 2746; baseline -0.001 -14"><span class='ocrx_word' id='word_1_173' title='bbox 443 2697 589 2732; x_wconf 91' lang='lat' dir='ltr'><strong>num</strong></span> <span class='ocrx_word' id='word_1_174' title='bbox 625 2675 772 2746; x_wconf 91' lang='lat' dir='ltr'><strong>quid</strong></span> <span class='ocrx_word' id='word_1_175' title='bbox 807 2676 1274 2746; x_wconf 87' lang='lat' dir='ltr'><strong>circumspexti?</strong></span> <span class='ocrx_word' id='word_1_176' title='bbox 1319 2682 1425 2731; x_wconf 89' lang='lat' dir='ltr'><strong>aut</strong></span> <span class='ocrx_word' id='word_1_177' title='bbox 1467 2695 1614 2730; x_wconf 93' lang='lat' dir='ltr'><strong>num</strong></span> <span class='ocrx_word' id='word_1_178' title='bbox 1658 2673 1803 2744; x_wconf 90' lang='lat' dir='ltr'><strong>quid</strong></span> <span class='ocrx_word' id='word_1_179' title='bbox 1846 2681 1981 2731; x_wconf 88' lang='lat' dir='ltr'><strong>tute</strong></span> <span class='ocrx_word' id='word_1_180' title='bbox 2025 2693 2158 2744; x_wconf 90' lang='lat' dir='ltr'><strong>pro-</strong></span> 
     </span>
     <span class='ocr_line' id='line_1_31' title="bbox 527 2759 888 2829; baseline -0.006 -13"><span class='ocrx_word' id='word_1_181' title='bbox 527 2762 726 2829; x_wconf 87' lang='lat' dir='ltr'><strong>spexti</strong></span> <span class='ocrx_word' id='word_1_182' title='bbox 755 2759 888 2828; x_wconf 89' lang='lat' dir='ltr'><strong>tibi,</strong></span> 
     </span>
    </p>

    <p class='ocr_par' dir='ltr' id='par_1_14' title="bbox 443 2837 2364 2994">
     <span class='ocr_line' id='line_1_32' title="bbox 443 2837 2364 2913; baseline -0.003 -15"><span class='ocrx_word' id='word_1_183' title='bbox 443 2842 589 2913; x_wconf 91' lang='lat' dir='ltr'><strong>quid</strong></span> <span class='ocrx_word' id='word_1_184' title='bbox 642 2842 858 2898; x_wconf 89' lang='lat' dir='ltr'><strong>fieret?</strong></span> <span class='ocrx_word' id='word_1_185' title='bbox 917 2861 1034 2910; x_wconf 91' lang='lat' dir='ltr'><strong>qua</strong></span> <span class='ocrx_word' id='word_1_186' title='bbox 1087 2840 1302 2897; x_wconf 86' lang='lat' dir='ltr'><strong>fieret?</strong></span> <span class='ocrx_word' id='word_1_187' title='bbox 1360 2844 1410 2898; x_wconf 91' lang='lat' dir='ltr'><strong>si</strong></span> <span class='ocrx_word' id='word_1_188' title='bbox 1461 2848 1525 2897; x_wconf 91' lang='lat' dir='ltr'><strong>te</strong></span> <span class='ocrx_word' id='word_1_189' title='bbox 1575 2844 1658 2896; x_wconf 93' lang='lat' dir='ltr'><strong>mi</strong></span> <span class='ocrx_word' id='word_1_190' title='bbox 1702 2844 1898 2910; x_wconf 90' lang='lat' dir='ltr'><strong>ipsum</strong></span> <span class='ocrx_word' id='word_1_191' title='bbox 1941 2838 2159 2910; x_wconf 91' lang='lat' dir='ltr'><strong>puduit</strong></span> <span class='ocrx_word' id='word_1_192' title='bbox 2248 2837 2364 2902; x_wconf 88' lang='grc'><strong>690</strong></span> 
     </span>
     <span class='ocr_line' id='line_1_33' title="bbox 527 2925 819 2994; baseline 0 -15"><span class='ocrx_word' id='word_1_193' title='bbox 527 2925 819 2994; x_wconf 89' lang='lat' dir='ltr'><strong>proloqui,</strong></span> 
     </span>
    </p>

    <p class='ocr_par' dir='ltr' id='par_1_15' title="bbox 443 3005 2160 3078">
     <span class='ocr_line' id='line_1_34' title="bbox 443 3005 2160 3078; baseline -0.002 -15"><span class='ocrx_word' id='word_1_194' title='bbox 443 3029 560 3078; x_wconf 91' lang='lat' dir='ltr'><strong>qua</strong></span> <span class='ocrx_word' id='word_1_195' title='bbox 578 3007 999 3063; x_wconf 86' lang='lat' dir='ltr'><strong>resciscerem?</strong></span> <span class='ocrx_word' id='word_1_196' title='bbox 1018 3006 1168 3062; x_wconf 90' lang='lat' dir='ltr'><strong>haec</strong></span> <span class='ocrx_word' id='word_1_197' title='bbox 1187 3005 1333 3062; x_wconf 91' lang='lat' dir='ltr'><strong>dum</strong></span> <span class='ocrx_word' id='word_1_198' title='bbox 1352 3005 1611 3074; x_wconf 84' lang='lat' dir='ltr'><strong>dubitaS,</strong></span> <span class='ocrx_word' id='word_1_199' title='bbox 1625 3024 1863 3062; x_wconf 91' lang='lat' dir='ltr'><strong>menses</strong></span> <span class='ocrx_word' id='word_1_200' title='bbox 1881 3005 2160 3062; x_wconf 89' lang='lat' dir='ltr'><strong>abierunt</strong></span> 
     </span>
    </p>
   </div>
   <div class='ocr_carea' id='block_1_6' title="bbox 445 3090 752 3230">
    <p class='ocr_par' dir='ltr' id='par_1_16' title="bbox 445 3090 752 3230">
     <span class='ocr_line' id='line_1_35' title="bbox 525 3090 752 3147; baseline -0.013 0"><span class='ocrx_word' id='word_1_201' title='bbox 525 3090 752 3147; x_wconf 90' lang='lat' dir='ltr'><strong>decem.</strong></span> 
     </span>
     <span class='ocr_line' id='line_1_36' title="bbox 445 3180 562 3230; baseline -0.009 0"><span class='ocrx_word' id='word_1_202' title='bbox 445 3181 521 3230; x_wconf 75' lang='lat'><strong>28</strong></span> <span class='ocrx_word' id='word_1_203' title='bbox 530 3180 562 3229; x_wconf 91' lang='grc'><strong>8</strong></span> 
     </span>
    </p>
   </div>
  </div>
 </body>
</html>
