2352 3724
54 912 194 968 Geta

54 1013 216 1070 Phor.

53 1729 195 1784 Geta

52 1824 215 1883 Phor.

53 2266 194 2321 Geta

55 2544 228 2599 Demi.

55 2640 195 2701 [Liii

49 2821 190 2878 Geta

51 2916 212 2973 Phor.

608 270 958 328 PUBLIUS
1004 271 1473 331 TERENTIUS
1520 274 1736 328 AFER

314 387 442 443 aliis
459 388 705 444 aliunde
727 398 820 445 est
837 391 1129 459 periclum
1149 392 1311 448 unde
1331 393 1555 462 aliquid
1576 394 1781 449 abradi
1802 400 2034 463 potest:

315 475 462 530 mihi
513 481 712 533 sciunt
760 478 846 533 nil
900 498 1045 535 esse.
1129 480 1292 536 dices
1342 467 1626 537 “ducent
1677 482 2028 537 damnatum

399 563 727 620 domum’':

312 650 475 707 alere
505 653 723 708 nolunt
753 654 1060 710 hominem
1091 656 1338 712 edacem
1371 664 1435 713 et
1464 661 1706 726 sapiunt
1735 677 1869 711 mea
1893 677 2026 712 sen·

399 745 612 809 tentia,

314 846 420 895 pro
439 828 730 884 maleficio
751 835 796 884 si
818 831 1175 885 beneficium
1197 851 1495 887 summum
1517 833 1732 888 nolunt
1752 832 2023 887 reddere.

316 935 436 970 non
466 925 610 985 pote
641 923 783 973 satis
814 938 921 987 pro
950 924 1166 974 merito
1197 921 1272 974 ab
1303 920 1406 975 illo
1436 922 1547 975 tibi
1579 920 1786 976 referri
1816 925 2022 987 gratia.

317 1020 496 1069 immo
549 1020 710 1070 enim
762 1036 940 1072 nemo
992 1023 1133 1074 satis
1181 1038 1289 1088 pro
1335 1024 1552 1075 merito
1596 1025 1851 1089 gratiam
1900 1024 2024 1087 regi

396 1103 599 1159 refert.

314 1199 458 1247 tene
504 1192 878 1261 asymbolum
925 1198 1131 1250 venire
1178 1203 1431 1250 unctum
1482 1205 1665 1265 atque
1714 1196 1946 1251 lautum
1994 1213 2028 1251 e

397 1280 668 1349 balineiS,

314 1373 571 1424 otiosum
620 1370 695 1423 ab
741 1374 960 1439 animO,
1005 1390 1188 1439 quom
1231 1370 1334 1426 ille
1381 1379 1446 1427 et
1489 1391 1630 1426 cura
1675 1380 1737 1427 et
1783 1379 2021 1440 sumptu
2116 1376 2232 1425 340

398 1458 760 1512 absumitur!

314 1546 459 1600 dum
488 1546 599 1600 tibi
630 1545 697 1600 fit
727 1545 888 1614 quod
918 1546 1175 1615 placeat,
1206 1547 1308 1603 ille
1339 1552 1629 1616 ringitur:
1673 1556 1740 1603 tu
1771 1549 1986 1616 rideas,

314 1638 472 1702 prior
502 1634 688 1703 bibas,
712 1638 872 1703 prior
894 1634 1250 1700 decumbas;
1295 1655 1444 1691 cena
1474 1635 1656 1691 dubia
1684 1636 2021 1705 adponitur.

315 1728 461 1798 quid
490 1733 644 1785 istuc
676 1730 940 1785 verbist?

702 1826 805 1879 ubi
835 1832 903 1880 tu
934 1825 1176 1881 dubites
1207 1826 1353 1895 quid
1383 1845 1578 1881 sumas
1610 1830 2005 1895 potissumum

315 1912 463 1969 haec
482 1933 663 1982 quom
683 1918 979 1969 rationem
1001 1917 1167 1970 ineas
1190 1934 1371 1983 quam
1394 1919 1516 1970 sint
1537 1919 1736 1970 suavia
1762 1922 1825 1969 et
1848 1933 2024 1983 quam

397 2021 530 2057 cara
560 2005 699 2070 sint,

315 2110 384 2145 ea
415 2094 515 2158 qui
546 2090 818 2158 praebet,
840 2110 962 2145 non
995 2097 1060 2145 tu
1093 2089 1254 2145 hunc
1285 2089 1506 2146 habeas
1535 2089 1715 2160 plane
1745 2109 2024 2159 praesen-

398 2185 524 2233 tem
556 2178 776 2233 deum?

314 2285 497 2320 senex
528 2265 730 2320 adest:
777 2265 913 2321 vide
950 2265 1095 2334 quid
1135 2285 1307 2333 agas:
1352 2269 1542 2334 prima
1584 2270 1822 2320 coitiost
1861 2284 2023 2320 acer-

398 2379 594 2426 ruma3
992 2410 994 2413 .

311 2453 360 2504 si
391 2468 523 2503 eam
553 2451 924 2516 sustinueriS,
946 2448 1187 2517 postilla
1214 2452 1333 2503 iam
1360 2455 1431 2504 ut
1458 2447 1631 2503 lubet
1659 2447 1829 2503 ludas
1859 2447 2016 2503 licet.

314 2543 695 2612 Enumquam
726 2547 1048 2612 quoiquam
1078 2542 1567 2599 contumeliosius

319 2638 566 2694 audistis
596 2637 817 2693 factam
847 2642 1123 2693 iniuriam
1153 2657 1332 2707 quam
1361 2637 1511 2693 haee
1542 2645 1636 2694 est
1662 2636 1848 2693 mihi?

309 2733 517 2789 adeste
549 2753 784 2802 quaeso
2108 2738 2226 2789 350

799 2824 982 2876 iratus
1013 2828 1121 2877 est.

1131 2920 1276 2984 quin
1306 2923 1374 2971 tu
1405 2915 1517 2971 hoc
1547 2933 1692 2984 age:

306 3015 424 3066 iam
455 3030 568 3078 ego
598 3010 759 3065 hunc
789 3010 1045 3078 agitabo.
1122 3030 1228 3079 pro
1258 3010 1438 3065 deum
1470 3010 1896 3080 inmortalium,

307 3113 491 3173 negat
523 3104 819 3160 Phanium
848 3120 977 3156 esse
1002 3104 1155 3159 hanc
1180 3105 1290 3159 sibi
1315 3112 1633 3173 cognatam
1667 3104 2011 3175 Demipho?

306 3194 381 3242 ἐξ)
