2352 3724
71 352 108 410 A
117 373 188 409 es.

62 447 270 507 Sannio

67 545 109 599 A
117 564 187 600 es,

62 639 269 696 Sannio

65 737 109 790 A
117 756 187 791 es,

63 831 267 887 Sannio

63 927 109 981 A
117 947 187 983 es,

63 1022 271 1079 Sannio

67 1310 110 1364 A
120 1331 187 1365 es,

61 1694 266 1749 Sannio

64 1790 109 1844 A
117 1809 187 1846 es.

60 1884 267 1942 Sannio

61 2077 108 2133 A
116 2098 186 2134 es.

60 2172 265 2230 Sannio

62 2272 104 2324 A
113 2289 183 2325 es.

57 2365 263 2420 Sannio

59 2461 104 2514 A
113 2480 182 2515 es,

54 2554 261 2610 Sannio

56 2655 99 2706 Α
110 2671 180 2706 es,

55 2745 260 2803 Sannio

52 2940 175 2994 Aes.

49 3032 251 3090 Sannio

622 233 866 291 PUBLI
878 234 976 292 US
1021 234 1380 290 TERENTI
1393 235 1490 292 US
1535 234 1754 290 AFER

326 357 376 411 si
404 353 794 425 possiderem,
822 361 1067 411 ornatus
1099 374 1258 410 esses
1288 373 1362 410 ex
1392 358 1512 410 tuis
1542 354 1879 412 virtutibus.

327 449 473 519 quid
497 450 608 505 tibi
631 453 716 504 rei
741 450 1076 506 mecumst?

1024 544 1124 599 nil.

1100 640 1283 710 quid?
1315 644 1515 696 nostin
1537 644 1638 710 qui
1658 639 1809 696 sim?

1600 755 1722 791 non
1745 734 2034 791 desidero.

328 836 550 900 tetigin
580 835 670 887 tui
700 832 1059 901 quicquam?

996 931 1044 983 si
1067 931 1390 996 attigisseS‚
1415 925 1602 982 ferres
1626 925 2036 981 infortunium.

329 1026 431 1093 qui
460 1023 573 1078 tibi
602 1025 793 1090 magis
822 1020 968 1079 licet
997 1042 1194 1078 meam
1223 1021 1469 1091 habere,
1499 1041 1607 1092 pro
1643 1041 1760 1091 qua
1800 1040 1914 1090 ego
1952 1040 2043 1075 ar-

408 1125 665 1188 gentum
694 1117 874 1174 dedi?

326 1213 640 1285 responde.

486 1316 629 1364 ante
654 1307 818 1364 aedis
842 1328 964 1363 non
988 1307 1199 1364 fecisse
1226 1312 1341 1363 erit
1364 1307 1578 1364 melius
1602 1307 1698 1363 hic
1723 1310 2086 1372 convicium3

327 1425 468 1461 nam
502 1409 551 1461 si
594 1404 882 1460 molestus
927 1408 1128 1473 pergis
1173 1423 1323 1472 esse,
1374 1407 1491 1459 iam
1542 1407 1702 1459 intro
1745 1403 2038 1470 abripiere

407 1509 591 1570 atque
623 1502 703 1556 ibi

327 1616 515 1666 usque
544 1596 623 1652 ad
651 1615 866 1651 necem
896 1599 1167 1665 operiere
1197 1594 1351 1651 loris.

1347 1690 1486 1746 loris
1517 1690 1707 1746 liber?

1686 1788 1769 1842 sic
1799 1787 1929 1841 erit.

325 1904 360 1941 o
390 1883 699 1940 hominem
731 1883 1042 1952 inpurum!
1075 1882 1275 1938 hicine
1305 1881 1653 1938 libertatem
1695 1884 1866 1936 aiunt
1909 1896 2040 1936 esse

406 2001 660 2049 aequam
689 1979 1002 2035 omnibus?

324 2079 372 2133 si
396 2079 538 2132 satis
556 2079 674 2130 iam
695 2074 1100 2130 debacchatus
1120 2092 1203 2142 es,
1223 2073 1383 2142 len0,
1402 2072 1542 2128 audi
1562 2076 1610 2128 si
1630 2075 1716 2128 vis
1735 2074 2031 2131 nunciam.

323 2191 481 2242 egon
510 2169 915 2227 debacchatus
947 2189 1077 2225 sum
1106 2176 1312 2224 autem
1341 2189 1418 2223 an
1448 2176 1515 2224 tu
1545 2172 1608 2223 in
1638 2168 1774 2223 me?

1006 2287 1008 2289 >
1059 2268 1235 2320 mitte
1265 2267 1380 2320 ista
1407 2271 1591 2333 atque
1619 2262 1696 2319 ad
1726 2283 1853 2318 rem
1883 2261 2027 2318 redi.

320 2383 502 2434 quam
528 2362 694 2418 rem?
725 2381 843 2431 quo
866 2360 1148 2416 redeam?

649 2461 847 2512 iamne
868 2475 966 2512 me
986 2460 1072 2512 vis
1091 2455 1292 2511 dicere
1316 2454 1379 2511 id
1402 2453 1563 2524 quod
1584 2453 1662 2510 ad
1684 2461 1748 2510 te
1771 2452 2033 2509 attinet?

319 2556 515 2624 cupi0,
544 2555 721 2622 aequi
750 2551 929 2607 modo
959 2550 1200 2620 aliquid.

891 2646 1023 2715 vah,
1045 2646 1185 2702 leno
1210 2650 1413 2715 iniqua
1435 2665 1532 2701 me
1555 2665 1677 2700 non
1700 2644 1826 2700 volt
1847 2644 2024 2714 loqui.

316 2744 457 2801 leno
475 2764 627 2814 sum,
646 2742 858 2812 fateor,
879 2745 1173 2812 pernicies
1204 2745 1534 2797 communis
1553 2740 2051 2808 adulescentium,

314 2844 606 2911 periurus,
625 2843 811 2909 pestis
829 2858 842 2904 ;
865 2846 1071 2894 tamen
1092 2838 1206 2893 tibi
1228 2857 1263 2892 a
1283 2856 1382 2893 me
1403 2835 1571 2892 nulla
1588 2843 1776 2892 ortast
1794 2839 2021 2890 iniuria.

311 2956 452 2991 nam
474 2934 679 2991 hercle
703 2937 886 2990 etiam
909 2933 1023 2988 hoc
1045 2939 1249 2989 restat.

685 3029 825 3084 iiluc
848 3047 1068 3098 quaeso
1090 3026 1241 3097 redi,
1263 3046 1382 3096 quo
1403 3029 1674 3096 coepisti,
1697 3024 2014 3082 Aeschine.

310 3170 428 3219 234

2136 1311 2246 1360 180

2117 2935 2228 2993 190
