2352 3724
668 206 1022 264 PUBLIUS
1082 209 1173 262 ΓΕ
1185 210 1540 266 RENTIUS
1587 210 1803 265 AFER

371 324 479 380 sed
508 344 631 380 non
660 331 924 381 minuam
950 347 1152 383 meum
1177 328 1520 385 consilium:
1552 349 1626 385 ex
1656 349 1766 386 usu
1796 331 1957 400 quod
1981 339 2093 401 est,

455 419 513 475 id
549 439 905 487 persequar:

375 533 495 569 non
516 516 695 570 credo
718 536 787 570 ea
805 518 1000 584 gratia
1019 517 1345 573 concordes
1363 522 1575 587 magis,
1596 523 1642 575 si
1663 520 2010 589 redducam,
2030 520 2173 576 fore.

117 609 325 664 Laches
373 613 634 666 nescias:
664 630 873 666 verum
903 619 1008 667 tua
1038 631 1103 668 re
1134 612 1255 668 fert
1285 613 1392 682 nil,
1422 621 1625 670 utrum
1658 614 1830 671 illaec
1862 615 2138 684 fecerint,

376 704 616 774 quando
646 704 796 760 haec
825 706 1036 763 aberit.
1128 707 1331 763 odiosa
1361 708 1510 764 11366
1552 717 1646 766 est
1684 717 1850 766 aetas
1891 711 2097 766 adule-

458 801 762 856 scentulis.

375 914 411 952 e
454 896 655 951 medio
699 916 953 965 aequom
1001 898 1295 954 excedere
1342 908 1464 954 est:
1513 910 1814 969 postremo
1843 920 1951 957 nos
1980 905 2096 955 iam
2186 899 2304 957 620

459 990 661 1046 fabula

376 1105 598 1155 sumus,
633 1086 965 1156 Pamphile,
996 1073 1230 1144 “senex
1263 1098 1446 1158 atque
1476 1089 1683 1146 anus.’'

377 1181 485 1236 sed
507 1180 683 1237 video
710 1181 1076 1251 Phidippum
1100 1184 1307 1251 egredi
1331 1204 1438 1253 per
1461 1194 1730 1254 tempus:
1761 1186 2128 1243 accedamus.

116 1277 236 1331 Phi.
370 1276 505 1331 Tibi
536 1296 775 1346 quoque
807 1278 1022 1347 edepol
1056 1299 1186 1334 sum
1217 1283 1423 1349 iratus,
1459 1280 1832 1350 Philumena,

117 1372 279 1427 IV.iv
379 1375 643 1440 graviter
666 1372 943 1442 quidem3
974 1394 1114 1428 nam
1136 1373 1342 1431 hercle
1365 1373 1654 1432 factumst
1675 1376 1780 1431 abs
1803 1383 1866 1431 te
1890 1381 2165 1446 turpiter.

379 1471 495 1522 etsi
524 1468 636 1523 tibi
667 1475 900 1524 causast
931 1468 1008 1525 (16
1040 1468 1151 1524 1136
1181 1488 1278 1525 re:
1308 1478 1502 1526 mater
1533 1479 1594 1526 te
1628 1470 1862 1540 inpulit.

379 1562 517 1618 huic
548 1582 688 1618 vero
718 1564 957 1620 nullast.

122 1658 328 1714 Laches
971 1668 1310 1730 opportune
1339 1668 1404 1717 te
1433 1661 1602 1731 mihi,

386 1753 701 1823 Phidippe,
731 1757 794 1808 in
824 1758 952 1824 ipso
982 1762 1256 1825 tempore
1287 1756 1570 1812 ostendis.

120 1849 239 1904 Phi.
1575 1851 1718 1920 quid
1750 1853 1880 1908 est?

120 1946 273 1999 Pam.
383 1943 528 2013 quid
558 1944 937 2014 respondebo
968 1945 1097 2001 his?
1170 1954 1276 2001 aut
1299 1966 1417 2015 quo
1448 1955 1625 2016 pacto
1658 1947 1768 2001 1106
1800 1948 2103 2017 operiam?

121 2039 332 2095 Laches
382 2039 478 2094 dic
509 2039 664 2095 filiae
695 2059 794 2095 rus
826 2060 1242 2096 concessuram
1273 2041 1414 2096 hinc
1446 2041 1814 2098 Sostratum:

382 2154 461 2190 ne
491 2142 856 2204 revereatur,
887 2139 1086 2191 minus
1116 2141 1235 2190 iam
1267 2155 1384 2205 quo
1414 2135 1627 2192 redeat
1656 2137 1917 2193 domum.
2192 2134 2312 2193 630

123 2229 244 2287 Phi.
1903 2232 1996 2301 ah,

385 2325 613 2380 nullam
644 2324 721 2380 de
752 2324 844 2381 his
874 2327 1052 2381 rebus
1086 2326 1323 2396 culpam
1354 2331 1712 2383 commeruit
1740 2334 1877 2384 tua:

385 2441 419 2475 a
450 2420 720 2488 Myrrina
749 2420 900 2476 11366
931 2429 1072 2477 sunt
1101 2442 1237 2477 mea
1267 2441 1451 2477 uxore
1483 2430 1691 2477 exorta
1721 2426 1933 2477 omnia.

129 2517 278 2572 I’am.
387 2520 644 2570 mutatio
674 2515 758 2571 fit.

127 2611 246 2667 Plzi.
754 2630 826 2667 63
854 2630 962 2668 1103
992 2612 1327 2681 perturbat,
1362 2611 1609 2668 LacheS.

128 2707 279 2762 Pam.
388 2705 533 2761 dum
563 2725 641 2761 ne
671 2705 1019 2775 redducam,
1051 2708 1303 2762 turbent
1333 2726 1508 2776 porro
1538 2727 1718 2776 quam
1750 2706 1955 2764 velint.

132 2802 246 2858 Phi.
388 2820 521 2869 ege,
557 2800 889 2870 Pamphile,
922 2820 1051 2857 esse
1083 2805 1244 2857 inter
1278 2821 1407 2871 1103,
1439 2806 1487 2857 si
1518 2801 1644 2857 fleri
1676 2808 1898 2870 potest,

387 2895 766 2951 adfinitatem
795 2894 952 2950 hanc
983 2915 1126 2951 sane
1157 2904 1517 2966 perpetuam
1546 2895 1711 2964 volo;

387 2994 479 3045 sin
510 2996 604 3046 est
631 2996 703 3045 ut
731 2988 910 3045 aliter
937 2997 1044 3045 tua
1073 2994 1188 3046 ista
1218 2994 1297 3046 sit
1326 2994 1652 3055 sententia,

394 3130 509 3190 186
