2352 3724
74 348 191 404 Pht.

73 598 220 667 Myr.

76 683 97 736 I
103 682 190 738 ’lat

66 1099 217 1170 M'yr.

67 1183 186 1238 Phi.

68 1349 214 1419 λῆμ’.

66 1599 183 1656 Phi.

55 2766 204 2836 Myr.

58 2849 175 2904 Phi.

637 233 878 288 PUBLI
892 234 990 290 US
1035 235 1507 296 TERENTIUS
1554 239 1770 295 AFER

334 371 481 406 uxor
511 353 612 406 ubi
645 372 742 408 me
775 353 850 408 ad
882 353 1063 408 filiam
1095 358 1181 411 ire
1213 361 1421 426 sensit,
1455 378 1518 414 se
1550 359 1762 416 eduxit
1792 360 1986 419 foras:

334 447 518 503 atque
549 454 752 490 eccam
777 455 789 490 ε
836 436 1026 492 video,
1091 438 1237 507 quid
1266 443 1370 509 ais,
1400 441 1714 511 Myrrina?
1772 443 1922 501 heus
1945 447 2057 503 tibi

442 517 591 573 dico,

1486 607 1738 678 mihine,
1768 614 1850 665 rni
1884 612 2015 666 vir?

332 688 421 738 vir
476 703 590 752 ego
642 692 776 740 tuos
836 686 991 741 sim?
1036 693 1149 743 tun
1195 691 1387 744 virum
1439 710 1538 746 me
1591 699 1697 747 aut
1746 692 2053 751 hominem

441 767 697 836 deputas
728 769 879 824 adeo
911 771 1085 826 esse?

335 870 475 904 nam
506 855 553 905 si
585 856 878 908 utrumvis
909 852 1143 922 horum,
1174 854 1410 924 mulier,
1436 876 1722 926 umquam
1753 859 1864 914 tibi
1896 863 2053 916 visus

416 933 627 1002 forem,

331 1035 454 1072 non
484 1021 566 1073 sic
597 1016 856 1073 ludibrio
886 1022 1006 1074 tuis
1036 1018 1211 1075 factis
1241 1019 1482 1077 habitus
1514 1042 1722 1079 essem.

1564 1107 1779 1176 quibus
1801 1107 1822 1161 ?

1688 1197 1753 1246 at
1780 1194 2003 1258 rogitas
2026 1192 2047 1246 ?

329 1270 570 1337 peperit
600 1266 756 1323 filia:
800 1267 962 1337 hem,
994 1270 1204 1325 taces?
1249 1290 1322 1326 ex
1354 1272 1517 1339 quo?

946 1360 1182 1420 patrem
1211 1357 1366 1409 istuc
1397 1358 1658 1422 rogitare
1687 1358 2046 1425 aequomst?

326 1437 478 1504 perii
501 1434 512 1488 Ξ
560 1453 634 1489 ex
665 1453 784 1503 quo
806 1438 920 1490 nisi
944 1455 1016 1490 ex
1042 1436 1145 1491 illo
1169 1456 1378 1492 censes
1402 1442 1541 1506 quoi
1565 1438 1764 1494 datast
1786 1447 2044 1507 nuptum

411 1518 658 1572 obsecro
679 1518 701 1572 ?

327 1600 543 1656 credo:
589 1620 789 1670 neque
819 1601 972 1658 adeo
1002 1602 1276 1658 arbitrari
1306 1607 1491 1673 patris
1524 1611 1616 1660 est
1658 1604 1849 1661 aliter.
1940 1605 2046 1661 sed

409 1684 671 1739 demiror

326 1767 471 1836 quid
502 1771 580 1822 sit
610 1787 789 1835 quam
820 1768 896 1822 ob
927 1787 1055 1824 rem
1086 1775 1259 1824 tanto
1279 1789 1460 1839 opere
1492 1774 1685 1826 omnis
1709 1790 1817 1826 nos
1847 1771 2041 1828 celare

411 1851 667 1906 volueris

326 1941 585 2003 partum,
617 1937 971 2003 praesertim
1002 1953 1184 2003 quom
1215 1942 1279 1991 et
1308 1943 1474 1991 recte
1507 1943 1571 1992 et
1601 1955 1707 1992 suo
1737 1941 2044 2007 pepererit

408 2024 699 2086 tempore.

324 2099 519 2155 adeon
551 2103 845 2169 pervicaci
876 2119 1006 2155 esse
1038 2104 1238 2156 animo
1266 2108 1337 2157 ut
1366 2121 1618 2171 puerum
1660 2110 2044 2172 praeoptares

408 2187 624 2253 perire,

326 2286 400 2323 ex
431 2285 549 2336 quo
579 2266 899 2322 firmiorem
930 2270 1091 2322 inter
1120 2285 1229 2323 nos
1258 2265 1387 2323 fore
1427 2271 1751 2324 amicitiam
1792 2268 2041 2338 posthac

406 2353 605 2418 scireS,

325 2437 522 2502 potius
569 2453 747 2501 quam
795 2432 1077 2489 advorsus
1122 2432 1459 2489 lubidinem
1504 2437 1687 2488 animi
1739 2437 1828 2490 tui
1882 2441 2043 2492 esset

408 2537 543 2572 cum
574 2515 676 2571 illo
708 2517 932 2584 nupta!

323 2619 437 2668 ego
468 2603 651 2655 etiam
682 2599 919 2654 illorum
951 2618 1082 2655 esse
1121 2598 1278 2655 hanc
1319 2599 1557 2669 culpam
1597 2598 1845 2669 credidi,
1887 2618 2040 2669 quae

406 2690 469 2738 te
501 2690 594 2739 est
623 2701 827 2752 penes,

308 2771 525 2821 misera
553 2785 700 2822 sum.

707 2851 941 2904 utinam
983 2851 1165 2903 sciam
1205 2851 1292 2905 ita
1333 2868 1462 2905 esse
1503 2849 1693 2905 istuc!
1740 2847 1847 2905 sed
1877 2867 2038 2907 nunc

401 2937 483 2987 mi
515 2936 577 2988 in
606 2938 879 2986 mentem
909 2934 1079 2987 venit

316 3013 395 3071 de
429 3014 540 3069 hae
566 3034 630 3070 re
653 3014 816 3084 quod
838 3013 1040 3073 locuta
1064 3032 1127 3071 es
1152 3012 1314 3077 olim,
1339 3033 1520 3083 quom
1544 3012 1715 3070 illum
1739 3033 2032 3084 generum

397 3102 702 3169 cepimus:

321 3179 433 3242 176
