2404 3704
204 1006 379 1063 Micio

208 1090 304 1146 IV.
314 1111 349 1146 v

205 1341 250 1395 A
259 1361 329 1396 es,

204 1429 377 1486 Micio

205 1519 247 1573 A
257 1539 327 1574 es,

206 1607 280 1661 Μ
275 1607 377 1663 icio

205 1942 249 1995 A
259 1962 326 1996 ex.

202 2029 377 2085 Micio

205 2196 250 2250 A
258 2216 327 2251 eS.

204 2362 281 2416 M
276 2361 377 2417 icio

205 2629 249 2682 A
257 2649 326 2684 eS.

204 2716 279 2771 M
275 2717 375 2772 icio

200 3072 246 3126 A
255 3091 323 3126 es,

767 224 1012 281 PUBL1
1024 226 1121 283 US
1168 228 1639 287 TERENTIUS
1685 230 1902 286 AFER

470 351 768 399 cessatum
810 365 997 414 usque
1038 346 1235 403 adhuc
1268 355 1390 404 est:
1442 368 1602 405 nunc
1642 370 1833 420 porr0,
1867 349 2189 421 Aeschine,

556 432 973 497 expergiscere
991 430 1002 484 l

470 529 632 565 nunc
653 509 765 565 hoc
805 516 1153 580 primumst:
1213 513 1291 570 ad
1338 514 1468 571 illas
1516 516 1632 584 ibo,
1681 523 1751 571 ut
1798 536 2050 585 purgem
2097 536 2209 572 me.

553 593 837 648 accedam
867 594 944 649 ad
980 594 1152 651 fores.

472 679 650 744 perii:
713 675 992 733 horresco
1011 698 1249 748 semper
1270 681 1370 734 ubi
1391 680 1626 749 pultare
1652 680 1828 736 hasce
1849 685 2075 751 occipio
2095 686 2287 737 miser.

472 758 620 814 heus
671 758 850 816 heus:
910 761 1248 818 Aeschinus
1301 783 1415 831 ego
1462 783 1608 819 sum.
1699 769 1929 834 aperite
1977 765 2188 834 aliquis

552 850 825 898 actutum
856 848 1090 900 ostium.

470 925 672 994 prodit
701 931 903 982 nescio
933 932 1095 997 quis:
1141 928 1468 984 concedam
1497 928 1630 985 huc.

1483 1012 1577 1068 Ita
1605 1017 1696 1069 uti
1726 1013 1868 1083 dixi,
1902 1014 2186 1082 Sostrata,

471 1090 685 1160 facite3
748 1112 862 1162 ego
909 1092 1282 1150 Aeschinum
1330 1101 1703 1166 conveniam,
1745 1104 1814 1152 ut
1853 1116 1970 1166 quo
2009 1097 2187 1152 modo

552 1183 687 1231 acta
717 1175 865 1231 haec
896 1180 1018 1233 sint
1048 1181 1211 1233 sciat.

470 1257 576 1314 sed
607 1263 737 1328 quis
768 1264 988 1316 ostium
1018 1259 1116 1316 hic
1147 1261 1443 1331 pultavit?

1252 1352 1423 1414 pater
1453 1344 1656 1401 hercle
1689 1353 1811 1402 est:
1856 1350 2021 1416 perii.

469 1518 613 1589 quid
644 1518 784 1575 huic
814 1519 912 1576 hic
943 1522 1248 1590 negotist?

1864 1435 2165 1491 Aeschine

1258 1617 1407 1666 tune
1439 1610 1545 1668 has
1575 1611 1857 1681 pepulisti
1891 1612 2084 1667 fores?

470 1698 644 1747 tacet.
735 1712 884 1761 quor
902 1711 1025 1747 non
1043 1692 1187 1748 ludo
1206 1692 1366 1749 hunc
1385 1694 1852 1764 aliquantisper?
1882 1695 2094 1750 melius
2115 1703 2226 1765 est,

466 1774 956 1844 quandoquidem
985 1775 1098 1831 hoc
1122 1797 1449 1846 numquam
1479 1782 1561 1832 mi
1591 1782 1718 1847 ipse
1749 1778 1937 1833 voluit
1960 1778 2175 1833 dicere.

467 1858 550 1914 nil
580 1858 728 1913 mihi
758 1859 1123 1929 respondes?

1124 1963 1246 1998 non
1278 1943 1560 2012 equidem
1590 1947 1751 2013 istas,
1784 1944 1943 2013 quod
1975 1948 2170 1999 sciam.

463 2031 584 2085 ita?
630 2050 771 2085 nam
800 2031 1057 2086 mirabar
1087 2030 1232 2100 quid
1262 2031 1359 2086 hic
1390 2036 1599 2101 negoti
1630 2040 1790 2088 esset
1818 2034 1944 2088 tibi.

466 2114 737 2170 erubuitz
783 2113 942 2169 salva
971 2133 1066 2170 res
1099 2122 1205 2170 est.

1254 2197 1351 2252 dic
1381 2197 1574 2267 sodes,
1603 2205 1794 2268 pater,

466 2280 577 2335 tibi
608 2299 748 2335 vero
778 2279 923 2349 quid
952 2283 1086 2336 istic
1119 2288 1211 2336 est
1241 2282 1364 2336 rei?

1373 2364 1457 2418 nil
1488 2368 1569 2419 mi
1600 2364 1859 2433 quidem.

467 2455 690 2507 amicus
721 2451 964 2520 quidam
995 2471 1091 2507 me
1121 2472 1156 2507 a
1186 2451 1312 2507 foro
1342 2452 1594 2508 abduxit
1622 2452 1801 2508 modo

468 2539 583 2595 huc
613 2539 969 2596 advocatum
1000 2541 1126 2596 sibi.

1141 2628 1324 2698 quid?

1330 2737 1443 2786 ego
1473 2717 1668 2773 dicam
1697 2719 1828 2775 tibi:

466 2805 743 2862 habitant
773 2804 871 2861 hic
902 2805 1196 2876 quaedam
1229 2806 1510 2862 mulieres

1541 2807 1941 2876 pauperculae
1958 2826 1978 2879 ς.

465 2902 533 2950 ut
563 2899 773 2964 opinor
803 2914 901 2950 eas
931 2914 1054 2950 non
1084 2914 1258 2950 nosse
1289 2902 1373 2963 te,
1399 2902 1463 2951 et
1493 2902 1658 2951 certo
1688 2900 1808 2951 scio
1832 2915 1844 2964 ;

465 3001 662 3051 neque
694 2986 855 3037 enim
887 2981 988 3037 diu
1020 2981 1137 3038 huc
1167 2986 1518 3051 migrarunt.

465 3159 581 3209 284

1526 3070 1668 3140 quid
1701 3079 1830 3127 tum
1865 3075 2114 3142 postea?

2269 1777 2385 1834 640
