2404 3704
689 276 1044 334 PUBLIUS
1089 276 1559 335 TERENTIUS
1604 276 1821 334 AFER

395 401 457 452 in
486 401 686 452 animo
718 417 858 452 vere
891 401 1176 466 cogitare,
1208 397 1462 468 Demea,

395 492 460 542 et
488 489 571 540 mi
603 493 667 541 et
696 486 808 541 tibi
841 493 904 541 et
935 485 1050 541 illis
1081 485 1411 555 dempseris
1442 487 1792 544 molestiam.

133 583 344 638 Demea
393 585 572 636 mitto
603 599 762 635 rem:
793 579 1295 635 consuetudinem
1324 581 1650 636 amborum.
1688 624 1700 637 .
1735 623 1748 638 .

134 676 305 733 Micio
1752 695 1926 732 mane
2201 677 2323 731 820

395 768 546 821 scio:
590 767 744 820 istuc
775 764 950 818 ibam.
1041 762 1233 818 multa
1262 766 1324 818 in
1355 762 1619 832 homine,
1652 763 1903 833 Demea,

395 858 567 922 signa
595 857 802 908 insunt
833 871 907 907 ex
938 852 1152 920 quibus
1183 855 1527 907 coniectura
1556 851 1730 907 facile
1762 852 1847 921 fit,

396 942 516 997 duo
546 960 727 1010 quom
757 939 919 994 idem
948 938 1199 1008 faciunt,
1230 958 1409 1008 saepe
1438 947 1508 995 ut
1536 944 1722 1009 possis
1752 940 1951 997 dicere

397 1017 434 1042 “
449 1030 561 1085 hoc
592 1030 737 1085 licet
765 1033 993 1097 inpune
1025 1027 1222 1083 facere
1254 1027 1414 1097 huic,
1443 1027 1530 1083 illi
1560 1048 1682 1083 non
1713 1028 1913 1097 licet,'’

396 1139 519 1175 non
550 1138 668 1187 quo
698 1116 999 1173 dissimilis
1028 1136 1122 1172 res
1153 1121 1230 1172 sit
1260 1116 1367 1172 sed
1397 1136 1515 1186 quo
1543 1121 1592 1173 is
1623 1121 1725 1186 qui
1754 1117 1913 1173 facit.

397 1228 550 1278 quae
581 1226 695 1276 ego
725 1210 921 1261 inesse
952 1209 1015 1259 in
1045 1204 1160 1260 illis
1192 1204 1387 1274 video,
1416 1213 1487 1261 ut
1516 1205 1810 1260 confidam
1840 1205 1968 1262 fore

396 1301 482 1353 ita
501 1304 569 1352 ut
589 1295 877 1350 volumus.
959 1293 1134 1349 video
1154 1313 1254 1349 eos
1275 1313 1504 1363 sapere,
1522 1294 1904 1364 intellegere,
1922 1298 1987 1350 in
2004 1293 2136 1350 loco

397 1389 611 1454 vereri,
640 1388 802 1439 inter
831 1403 894 1439 se
923 1402 1138 1437 amare.
1244 1387 1373 1438 siris
1403 1382 1660 1438 liberum

397 1478 711 1545 ingenium
740 1480 923 1541 atque
955 1475 1252 1526 animum:
1297 1490 1415 1539 quo
1446 1475 1532 1527 vis
1563 1471 1695 1527 illos
1724 1478 1792 1527 tu
1824 1470 1923 1527 die

397 1562 705 1620 redducaS.
824 1569 887 1616 at
918 1564 1081 1616 enim
1111 1568 1346 1616 metuas
1376 1579 1454 1615 ne
1483 1561 1559 1615 ab
1590 1580 1654 1616 re
1686 1564 1808 1616 sint
1837 1567 2044 1616 tamen
2203 1565 2318 1615 830

396 1655 731 1709 Omissiores
760 1649 953 1719 paulo.
1044 1668 1078 1704 o
1108 1657 1314 1704 noster
1344 1649 1596 1718 Demea,

395 1741 472 1797 ad
502 1744 702 1796 omnia
730 1738 845 1794 alia
873 1745 1074 1793 aetate
1107 1741 1366 1806 sapimus
1395 1741 1648 1804 rectius;

398 1830 592 1888 solum
622 1848 811 1884 unum
840 1826 954 1882 hoc
977 1830 1192 1882 vitium
1213 1825 1413 1882 adfert
1436 1833 1717 1882 senectus
1739 1824 2113 1882 hominibus:

395 1920 768 1976 adtentiores
798 1935 1001 1973 sumus
1031 1914 1108 1971 ad
1138 1935 1266 1971 rem
1297 1935 1504 1971 omnes
1536 1935 1715 1984 quam
1745 1922 1837 1971 sat
1867 1922 1991 1971 est:

399 2007 559 2078 quod
589 2006 722 2062 illos
753 2012 844 2062 sat
874 2011 1038 2060 aetas
1069 2011 1260 2059 acuet.

140 2108 347 2164 Demea
1258 2117 1336 2153 ne
1367 2101 1619 2153 nimium
1648 2097 1829 2154 modo

401 2194 592 2248 bonae
622 2198 764 2245 tuae
794 2192 944 2244 istae
975 2207 1082 2242 nos
1113 2190 1394 2255 rationes,
1426 2186 1629 2254 Micio,

400 2290 463 2337 et
491 2288 628 2336 tuos
657 2283 771 2333 iste
801 2281 1034 2331 animus
1063 2295 1284 2344 aequos
1315 2276 1638 2331 subvertat.

134 2379 309 2437 Micio
1655 2377 1820 2425 tace:

398 2484 520 2520 non
550 2462 669 2518 fiet.
760 2464 937 2515 mitte
967 2463 1084 2514 iam
1114 2462 1330 2514 istaec:
1375 2457 1451 2513 da
1481 2465 1544 2513 te
1575 2456 1754 2512 hodie
1784 2456 1964 2515 mihi:

399 2571 663 2622 exporge
692 2549 971 2605 frontem.

138 2652 348 2708 Demea
980 2641 1210 2697 scilicet
1241 2644 1324 2695 ita
1355 2648 1593 2709 tempus
1625 2638 1774 2695 fert.

400 2733 822 2792 faciundumst.
914 2738 1185 2785 ceterum
1217 2749 1332 2798 ego
1363 2748 1460 2784 rus
1491 2748 1617 2784 cras
1647 2748 1783 2783 cum
1815 2727 1935 2783 filio
2206 2732 2320 2783 840

399 2844 536 2882 cum
565 2826 757 2893 primo
787 2819 906 2875 luci
937 2820 1034 2874 ibo
1065 2817 1220 2872 hinc.

133 2921 310 2980 Micio
1234 2910 1311 2967 de
1342 2917 1522 2966 nocte
1552 2927 1799 2966 censeo:

401 3005 580 3063 hodie
611 3002 789 3058 modo
819 3000 1073 3056 hilarum
1109 2998 1200 3054 fac
1229 3006 1309 3055 te.

138 3105 346 3164 Demea
665 3140 667 3142 .
1319 3099 1385 3149 et
1412 3095 1586 3148 istam
1619 3092 1919 3160 psaltriam

401 3229 516 3276 304
