2430 3710
193 2001 335 2056 Geta

191 2250 324 2306 Can.

192 2415 334 2471 Geta

750 220 1105 280 PUBLIUS
1151 222 1621 281 TERENTIUS
1666 223 1884 280 AFER

450 340 789 395 Aeschinus
836 384 846 395 .
898 384 909 395 .

828 423 972 492 quid
1003 427 1051 479 is
1083 426 1271 494 ergo?

1133 508 1364 564 alienus
1396 517 1490 565 est
1519 510 1594 565 ab
1624 518 1828 566 nostra
1857 509 2096 567 familia.

2008 594 2168 663 hem,

455 675 620 741 perii.
712 691 829 741 qua
858 673 969 728 re?

918 776 1117 812 amare
1149 761 1385 827 occepit
1414 757 1605 813 aliam.

1564 861 1672 898 vae
1701 845 1952 898 miserae
1984 842 2131 897 mihi
2155 843 2166 898 !

449 940 648 989 neque
679 920 741 976 id
772 921 1006 977 occulte
1038 921 1176 991 fert,
1201 943 1235 977 a
1266 923 1486 979 lenone
1516 928 1678 993 ipsus
1709 929 1929 994 eripuit
1950 926 2162 995 palam.

454 1008 647 1059 satine.
678 1003 792 1058 hoc
824 1006 1158 1060 certumst?

618 1094 865 1142 certum.
957 1087 1121 1143 hisce
1153 1088 1337 1144 oculis
1370 1097 1614 1158 egomet
1643 1090 1784 1159 vidi,
1817 1090 2096 1148 Sostrata.

2071 1174 2166 1240 ah,

453 1272 551 1308 me
591 1254 904 1309 miseram!
951 1253 1096 1322 quid
1135 1258 1254 1309 iam
1296 1254 1547 1310 credas?
1591 1263 1697 1312 aut
1737 1260 1875 1325 quoi
1917 1256 2167 1312 credas?

536 1344 888 1392 nostrumne
919 1336 1312 1407 Aeschinum,

454 1427 719 1474 nostram
742 1423 927 1475 vitam
951 1424 1239 1489 omnium,
1258 1424 1322 1475 in
1346 1440 1463 1490 quo
1487 1429 1725 1477 nostrae
1747 1441 1880 1491 spes
1904 1441 2166 1492 opesque

535 1521 743 1557 omnes
783 1507 932 1558 sitae

453 1586 669 1640 erant?
742 1589 843 1654 qui
885 1590 1012 1641 sine
1054 1585 1165 1641 hac
1213 1587 1446 1642 iurabat
1493 1606 1556 1643 se
1604 1607 1792 1643 unum
1837 1608 2164 1657 numquam

535 1672 833 1723 victurum
862 1668 1024 1724 diem
1046 1670 1068 1724 ?

453 1755 555 1821 qui
602 1771 665 1807 se
713 1755 777 1806 in
825 1756 914 1807 sui
963 1755 1194 1821 gremio
1240 1756 1575 1822 positurum
1622 1773 1875 1823 puerum
1923 1753 2164 1810 dicebat

534 1838 739 1904 patriS,

451 1920 537 1974 ita
556 1918 1006 1973 obsecraturum
1024 1925 1095 1974 ut
1111 1918 1325 1974 liceret
1345 1918 1500 1972 hanc
1520 1919 1629 1973 sibi
1651 1939 1895 1974 uxorem
1920 1918 2177 1974 ducere?

458 2021 576 2068 era,
622 2000 913 2056 lacrumas
953 2006 1130 2057 mitte
1170 2021 1239 2056 ac
1279 2006 1478 2070 potius
1519 2002 1679 2070 quod
1719 2001 1795 2056 ad
1837 2002 1991 2056 hanc
2037 2021 2165 2057 rem

536 2103 683 2152 opus
715 2091 808 2139 est
836 2103 1011 2153 porro
1040 2087 1311 2153 prospice
1337 2104 1349 2138 ε

453 2170 829 2236 patiamurne
859 2187 936 2221 an
966 2186 1274 2222 narremus
1304 2168 1648 2235 quoipiam?

1261 2269 1336 2305 au
1366 2270 1460 2318 aU,
1491 2254 1573 2304 mi
1604 2249 1801 2318 homO,
1833 2269 2019 2305 sanun
2055 2250 2163 2305 es?

451 2352 527 2386 an
560 2331 672 2386 hoc
703 2331 1131 2401 proferendum
1154 2332 1266 2387 tibi
1296 2331 1535 2387 videtur
1564 2334 1856 2400 usquam?

1341 2414 1488 2469 mihi
1518 2414 1763 2483 quidem
1791 2434 1913 2469 non
1942 2414 2156 2483 placet.

451 2502 569 2552 iam
599 2502 857 2567 primum
880 2497 1050 2552 illum
1079 2497 1275 2554 alieno
1297 2501 1496 2552 animo
1518 2517 1553 2552 a
1574 2498 1745 2553 nobis
1769 2516 1897 2552 esse
1921 2516 2014 2552 res
2036 2501 2163 2565 ipsa

534 2581 775 2636 indicat.

450 2683 611 2718 nunc
647 2668 694 2719 si
731 2663 845 2718 hoc
881 2663 1077 2732 palam
1114 2662 1487 2732 proferimus,
1518 2662 1621 2717 ille
1657 2661 1874 2718 infitias
1910 2663 2039 2730 ibit,
2072 2669 2163 2717 sat

534 2751 653 2801 scio
678 2766 689 2801 ε

455 2837 554 2884 tua
584 2829 741 2883 fama
772 2836 836 2884 et
864 2836 1086 2896 gnatae
1123 2832 1246 2883 vita
1275 2831 1337 2882 in
1362 2827 1611 2882 dubium
1642 2830 1861 2883 veniet.
1951 2834 2082 2882 tum
2113 2830 2160 2882 si

530 2931 808 2966 maxume

449 2993 728 3062 fateatur,
761 3014 941 3061 quom
977 3000 1141 3047 amet
1177 2992 1372 3060 aliam,
1410 3012 1531 3047 non
1569 2999 1661 3047 est
1696 2991 1846 3047 utile
1883 2991 2037 3046 hanc
2073 2990 2157 3045 illi

529 3077 671 3131 dari.

449 3165 565 3215 252

2257 1262 2375 1313 330

2248 2831 2367 2882 340
