2352 3724
666 246 1020 304 PUBLIUS
1066 248 1536 309 TERENTIUS
1583 252 1802 308 AFER

370 385 510 421 113111
530 370 577 422 si
597 367 787 423 altera
806 368 980 424 illaec
999 374 1189 439 magis
1209 372 1478 442 instabit,
1500 373 1751 429 forsitan
1773 393 1881 430 nos
1905 378 2128 432 reiciat.

109 446 250 503 Geta
372 468 498 505 rem
529 453 719 519 ipsam
748 457 991 521 putasti.

107 530 286 588 Demi.
795 535 911 590 duc
943 555 1039 591 me
1071 537 1146 591 ad
1178 557 1317 593 eum
1349 558 1508 607 ergo,

107 613 250 670 Geta
1332 642 1455 677 :non
1484 642 1696 679 moror.

107 697 233 754 Chr.
1599 708 1703 762 ubi
1732 706 1846 763 hoc
1878 711 2091 777 egeri5‚

371 787 624 840 transito
653 784 729 840 ad
759 805 1007 840 uxorem
1037 806 1254 856 meam,
1286 796 1356 843 ut
1386 794 1707 846 conveniat
1745 789 1901 846 hanc
1931 795 2094 861 prius

454 887 634 936 quam
665 867 807 922 hine
837 869 979 925 abit.

371 949 535 1006 dicat
576 970 709 1006 eam
740 951 883 1008 dare
913 972 1021 1009 nos
1055 952 1399 1010 Phormioni
1431 963 1709 1025 nuptum,
1742 976 1820 1013 ne
1852 976 2091 1013 suscen-
2181 962 2299 1018 720

456 1042 615 1101 seat3

373 1124 437 1172 et
460 1122 649 1187 magis
675 1137 804 1175 esse
829 1118 1000 1175 illum
1025 1119 1311 1176 idoneum
1335 1126 1435 1190 qui
1468 1126 1577 1191 ipsi
1611 1127 1690 1178 sit
1720 1122 2096 1188 familiai-ion

371 1220 478 1255 nos
525 1210 729 1257 nostro
774 1203 962 1258 officio
1007 1223 1127 1258 non
1174 1204 1471 1274 digressos
1517 1224 1677 1261 esse:
1724 1214 2016 1275 quantum
2047 1210 2096 1263 is

453 1284 731 1355 voluerit,

373 1367 584 1424 datum
614 1388 744 1425 esse
775 1369 950 1426 dotis,

107 1448 287 1506 Demi.
796 1454 941 1523 quid
971 1454 1194 1510 malum
1226 1456 1288 1511 id
1317 1463 1423 1512 tua
1454 1476 1516 1514 re
1546 1457 1704 1514 fert?

109 1532 235 1589 Chr.
1516 1545 1740 1610 magni,
1773 1540 2091 1611 Demipho,

371 1638 493 1675 non
519 1623 660 1677 satis
691 1628 785 1677 est
813 1628 984 1677 tuom
1006 1628 1071 1678 te
1096 1622 1352 1678 officium
1374 1622 1607 1692 fecisse,
1634 1624 1696 1680 id
1720 1628 1768 1679 si
1791 1644 1914 1679 non
1937 1624 2095 1679 fama

453 1703 776 1773 adprobat:

372 1786 506 1842 volo
525 1791 708 1857 ipsius
727 1787 877 1843 haec
897 1788 1209 1845 voluntate
1230 1789 1375 1859 fieri,
1395 1809 1474 1846 116
1494 1809 1557 1847 se
1578 1793 1834 1846 eiectam
1853 1790 2176 1860 praedicet.

110 1867 289 1925 Demi.
374 1869 535 1925 idem
567 1890 681 1940 ego
712 1875 865 1927 istuc
897 1872 1094 1928 facere
1130 1892 1386 1942 possum.

110 1951 237 2008 Chr.
1077 1956 1294 2012 mulier
1315 1956 1551 2012 mulieri
1576 1960 1765 2026 magis
1790 1959 2088 2013 convenit.

111 2034 290 2092 Demi.
376 2038 615 2107 rogabO.

110 2117 238 2176 Chr.
620 2122 723 2178 ubi
752 2122 883 2179 illas
913 2143 1076 2179 nunc
1106 2142 1221 2192 ego
1249 2127 1514 2193 reperire
1544 2127 1765 2194 possim
1795 2127 2010 2192 cogito,

1054 2347 1313 2406 ACTVS
1356 2346 1412 2403 V

106 2452 196 2512 So,
371 2452 537 2525 Quid
586 2456 798 2525 agam?
850 2475 1032 2526 quem
1074 2460 1158 2511 mi
1201 2459 1460 2512 amicum
1488 2459 1792 2512 inveniam
1835 2456 2090 2512 misera?

455 2546 561 2595 aut
589 2559 707 2608 quo
737 2539 983 2595 consilia
1010 2539 1161 2595 haee
1189 2539 1485 2595 referam?

372 2629 479 2678 aut
507 2622 670 2678 unde
701 2622 988 2679 auxilium
1017 2624 1261 2692 petam?

371 2723 513 2761 113111
536 2725 764 2775 vereor,
790 2725 892 2762 era
912 2724 992 2763 ne
1014 2706 1093 2762 ob
1114 2725 1319 2762 meum
1342 2725 1579 2762 suasum
1602 2705 1853 2775 indigna
1874 2708 2089 2768 iniuria
2175 2710 2309 2767 730‘

454 2788 795 2845 adficiatur:

369 2875 456 2928 ita
489 2878 725 2941 patrem
767 2871 1172 2929 adulescentis
1215 2871 1376 2928 facta
1417 2871 1567 2927 haec
1610 2870 1867 2928 tolerare
1911 2871 2089 2928 audio

451 2955 764 3011 violenter.

106 3036 232 3095 Chr.
367 3058 506 3094 nam
542 3057 695 3107 quae
731 3037 881 3093 haec
920 3057 1069 3094 anus
1109 3045 1222 3107 est,
1259 3041 1600 3094 exanimata
1637 3058 1674 3093 3
1710 3036 1896 3094 fratre
1933 3055 2086 3115 quae

452 3127 751 3190 egressast
777 3122 952 3178 meo?

371 3210 449 3262 80
