2352 3724
110 987 193 1041 Pa
198 1007 238 1042 r.

127 2232 279 2287 Pam.

124 2314 257 2369 Par.

127 2397 282 2452 Pam.

129 2561 261 2618 Par.

133 2727 288 2783 Pam.

135 2893 267 2948 Par.

135 2974 284 3042 Myr.

136 3057 291 3113 Pam.

656 201 1012 260 PUBLIUS
1057 201 1526 258 TERENTIUS
1572 202 1791 258 AFER

362 322 523 392 quod
555 342 735 391 quom
764 326 851 378 ita
880 340 1010 378 esse
1038 324 1345 390 invenem,
1371 321 1516 391 quid
1545 328 1734 378 restat
1762 325 1876 379 nisi
1905 344 2080 394 porro

449 414 516 460 ut
546 405 682 459 fiam
711 406 936 460 miser?

363 508 504 543 nam
527 491 733 543 matris
752 487 909 543 ferre
929 491 1172 544 iniurias
1189 508 1307 556 me,
1331 487 1642 557 Parmen0‚
1663 492 1856 558 pietas
1875 490 2044 544 iubet
2067 508 2081 556 3

363 578 498 626 tum
526 574 696 625 uxori
725 571 1017 626 obnoxius
1047 590 1208 626 sum:
1252 574 1338 626 ita
1368 571 1511 625 olim
1553 591 1657 626 suo
1697 591 1796 627 me
1837 575 2084 639 ingenio

448 653 720 723 pertulit,

366 743 460 793 tot
478 756 642 791 meas
662 740 905 792 iniurias
925 756 1078 805 quae
1097 756 1426 804 numquam
1451 739 1514 790 in
1533 735 1656 790 ullo
1676 735 1966 804 patefecit
1987 735 2132 790 loco.

370 819 477 875 sed
496 839 785 887 magnum
804 824 1006 875 nescio
1027 818 1172 888 quid
1190 826 1498 874 necessest
1518 823 1807 887 evenisse,
1833 818 2143 886 Parmeno,

369 901 531 958 unde
556 906 642 956 ira
661 906 822 957 inter
842 921 939 958 eas
959 905 1303 957 intercessit
1322 921 1475 970 quae
1495 909 1621 956 tam
1641 905 1970 970 permansit
1989 900 2108 955 diu,

372 993 476 1040 aut
507 985 671 1054 quid,
705 1004 825 1053 ere,
856 1004 1116 1054 parvom.
1184 988 1232 1039 si
1263 988 1349 1039 vis
1380 1003 1521 1039 vero
1550 1003 1753 1039 veram
1787 987 2083 1038 rationem

456 1072 720 1136 exsequi,

370 1171 492 1205 non
527 1170 843 1205 maxumae
887 1169 984 1205 eas
1033 1169 1186 1218 quae
1234 1169 1548 1204 maxumae
1597 1156 1738 1204 sunt
1785 1147 2090 1203 interdum

461 1238 583 1288 irae
613 1237 864 1287 iniuriae

373 1316 640 1383 faciunt3
684 1335 824 1369 nam
861 1334 1039 1383 saepe
1082 1322 1192 1382 est,
1236 1315 1451 1382 quibus
1500 1317 1562 1367 in
1599 1314 1777 1368 rebus
1824 1312 1973 1366 alius
2015 1332 2091 1366 ue

456 1403 641 1454 iratus
672 1397 917 1466 quidem
950 1405 1060 1464 est,

376 1502 557 1551 quom
587 1481 663 1536 de
689 1480 901 1536 eadem
926 1486 1158 1534 causast
1182 1477 1501 1533 iracundus
1526 1476 1718 1532 factus
1743 1480 2094 1532 inimicissu-

457 1583 604 1619 mus,

378 1652 547 1717 pueri
567 1651 728 1702 inter
747 1665 877 1702 sese
909 1665 1088 1714 quam
1110 1663 1218 1713 pro
1236 1643 1468 1699 levibus
1491 1645 1682 1697 noxiis
1705 1645 1818 1697 iras
1837 1641 2089 1709 gerunt!

379 1730 787 1800 quapropter?
832 1733 971 1796 quia
1018 1731 1181 1783 enim
1232 1730 1336 1795 qui
1377 1745 1477 1781 eos
1517 1726 1817 1794 gubernat
1863 1728 2095 1778 animus

465 1833 600 1867 eum
633 1811 934 1865 infirmum
966 1817 1203 1877 gerunt.

380 1895 595 1951 itidem
646 1894 784 1948 illae
842 1893 1124 1947 mulieres
1183 1898 1324 1946 sunt
1381 1890 1572 1945 ferme
1632 1897 1700 1944 ut
1757 1892 1928 1958 pueri
1976 1887 2098 1944 levi

467 1980 810 2033 sententia:

384 2060 634 2116 fortasse
663 2078 853 2114 unum
881 2056 1125 2126 aliquod
1152 2057 1402 2112 verbum
1431 2058 1592 2109 inter
1623 2073 1721 2108 eas
1757 2057 1905 2107 iram
1944 2051 2100 2107 hanc

471 2145 793 2197 concivisse
826 2145 923 2194 ita.

388 2228 503 2294 abi,
541 2226 849 2291 ParmenO,
881 2226 1040 2276 intro
1070 2240 1137 2275 ac
1167 2240 1266 2275 me
1298 2223 1529 2275 venisse
1560 2222 1787 2273 nuntia.

1455 2301 1614 2367 hem,
1647 2300 1789 2368 quid
1822 2299 1933 2354 hoc
1965 2299 2100 2354 est?

1948 2389 2098 2436 tace.

391 2475 678 2546 trepidari
710 2476 904 2529 sentio
936 2479 998 2527 et
1030 2472 1248 2525 cursari
1278 2487 1510 2522 rursum
1542 2484 1826 2534 prorsum.

1508 2567 1619 2614 age
1650 2546 1813 2612 dum,
1843 2544 1920 2599 ad
1949 2543 2106 2598 fores

396 2638 617 2695 accedo
646 2640 903 2707 propius.
997 2654 1112 2701 em,
1144 2634 1424 2688 sensistin
1448 2630 1469 2683 ?

1452 2710 1575 2765 noli
1605 2708 1938 2764 fabularier.

398 2824 505 2874 pro
538 2802 829 2871 Iuppiter,
863 2799 1184 2854 clamorem
1213 2794 1426 2850 audivi.

1349 2883 1484 2931 tute
1506 2874 1773 2942 loquere,
1796 2890 1895 2927 me
1919 2879 2100 2927 vetas.

387 2978 522 3025 tace
554 2966 819 3030 obsecr0,
851 2979 987 3015 mea
1014 2965 1215 3028 gnata.

2167 330 2284 381 300

2181 1646 2298 1695 310

1232 3043 1439 3095 matris
1470 3058 1581 3093 vox
1611 3040 1791 3092 visast
1822 3034 2226 3090 Philumenae.

407 3138 523 3191 154
