2430 3710
745 226 1098 289 PUBLIUS
1142 231 1613 294 TERENTIUS
1659 237 1875 294 AFER

455 351 520 398 ut
567 364 682 413 ego
729 346 884 403 hanc
938 353 1084 405 iram
1137 356 1199 407 in
1248 374 1348 410 eos
1401 374 1672 412 evomam
1717 378 1978 428 omnem,
2019 358 2164 416 dum
2253 367 2370 418 312

533 437 851 504 aegritudo
881 438 1031 495 haec
1063 449 1157 498 est
1185 462 1411 500 recens.

450 527 579 580 seni
608 529 868 583 animam
909 533 1167 598 primum
1208 536 1659 602 exstinguerem
1698 539 1831 606 ipsi,
1873 540 1975 606 qui
2015 537 2165 594 illud
2254 544 2374 596 314

533 614 818 683 produxit
847 618 1039 674 scelus
1062 637 1077 686 ;

452 711 582 759 tum
621 713 826 761 autem
874 707 1090 776 Syrum
1129 710 1515 781 inpulsorem,
1565 712 1701 783 vah,
1741 715 1957 784 quibus
1995 715 2164 771 illum

535 793 859 851 lacerarem
892 797 1121 854 modis!

451 884 769 940 sublimem
798 886 1067 942 medium
1096 893 1423 958 arriperem
1463 898 1529 948 et
1567 896 1766 962 capite
1805 912 2062 963 pronum
2099 898 2163 950 in

534 981 696 1029 terra
723 982 1074 1046 statuerem,

454 1071 521 1119 ut
551 1065 797 1120 cerebro
827 1064 1136 1135 dispergat
1165 1070 1337 1124 viam.

451 1153 828 1210 adulescenti
848 1158 961 1225 ipsi
984 1161 1281 1227 eriperem
1304 1157 1525 1227 oculos,
1545 1167 1683 1229 post
1703 1159 1854 1217 haec
1877 1166 2166 1232 praecipi-

534 1251 662 1299 tem
692 1242 913 1300 darem.

451 1341 684 1390 ceteros
723 1353 958 1390 ruerem
992 1355 1236 1404 agerem
1266 1356 1540 1406 raperem
1575 1336 1899 1393 tunderem
1941 1347 2005 1394 et
2034 1359 2167 1409 pro-

532 1432 883 1480 sternerem.

451 1513 557 1571 sed
588 1533 753 1569 cesso
786 1533 949 1569 eram
979 1512 1094 1569 hoc
1123 1513 1282 1569 malo
1311 1516 1602 1584 inpertire
1632 1517 1932 1584 propere?
2256 1525 2373 1574 320

1473 1617 1858 1655 revocemus:
1903 1599 2077 1656 Geta.

2003 1682 2166 1754 hem,

451 1768 716 1834 quisquis
748 1783 830 1833 eS,
863 1767 992 1820 sine
1021 1783 1137 1820 me.

947 1867 1060 1917 ego
1092 1867 1222 1903 sum
1255 1846 1537 1904 Sostrata.

1111 1964 1115 1968 —
1210 1931 1313 1986 ubi
1344 1932 1516 1986 east?
1559 1938 1625 1987 te
1654 1934 1844 2001 ipsam
1874 1937 2165 2002 quaerit0‚

447 2022 512 2072 te
571 2021 866 2084 expecto;
937 2012 1158 2084 oppido
1222 2022 1561 2084 opportune
1625 2021 1689 2071 te
1754 2015 2027 2072 obtulisti
2082 2020 2164 2071 mi

531 2099 780 2154 obviam.

451 2201 551 2237 era
596 2225 608 2237 .
658 2223 672 2238 .

554 2263 701 2334 quid
730 2264 868 2321 est?
914 2263 1058 2332 quid
1090 2263 1402 2333 trepidas?

1243 2352 1293 2401 ei
1330 2350 1408 2400 nv?
1436 2345 1449 2402 ἶ

1368 2428 1514 2498 quid
1542 2428 1812 2499 festinas,
1841 2432 1925 2486 mi
1957 2429 2160 2486 Geta?

443 2517 703 2569 animam
733 2516 950 2583 recipe.

867 2613 1105 2665 prorsus
1148 2637 1162 2652 .

1089 2676 1235 2748 quid
1263 2681 1420 2734 istuc
1447 2662 1488 2690 “
1506 2696 1743 2748 prorsus
1763 2677 1795 2696 ’'
1831 2677 2078 2747 ergost?

1854 2779 2151 2830 pernmus.

440 2852 718 2901 actumst.

606 2926 911 2997 eloquere,
942 2926 1190 2983 obsecro
1219 2933 1302 2994 te,
1335 2924 1480 2995 quid
1510 2925 1632 2982 sit?

1443 3011 1560 3063 iam
1604 3051 1618 3064 .
1667 3051 1680 3064 .

1504 3091 1649 3160 quid
1681 3076 1719 3102 “
1741 3089 1914 3159 iam‚’'
1949 3091 2151 3148 Geta?

439 3181 562 3232 250
