2404 3704
647 258 1002 316 PUBLIUS
1046 257 1518 316 TERENTIUS
1563 259 1779 315 AFER

350 379 562 435 adfinis
594 379 766 434 nobis
803 397 1066 448 pauper:
1111 378 1268 434 bene
1312 398 1420 435 nos
1465 378 1692 448 aliquid
1735 378 1933 436 facere
1984 379 2067 434 illi

434 462 629 518 decet.

93 545 264 603 Micio
351 545 496 614 quid
525 544 768 600 facere?

90 630 302 686 Demea
511 628 752 698 agellist
774 626 872 682 hie
895 628 1006 683 sub
1028 627 1176 683 urbe
1200 627 1445 697 paulum
1468 627 1629 697 quod
1651 627 1861 684 locitas
1883 627 2070 683 foras:

355 711 494 769 huic
524 710 736 767 demus
767 716 869 779 qui
899 710 1146 766 fruatur.
2146 729 2266 789 950

91 795 266 853 Micio
932 793 1179 863 paulum
1207 793 1269 849 id
1300 794 1608 850 autemst?

97 881 303 937 Demea
1415 880 1463 932 si
1493 877 1831 946 multumst,
1862 885 2066 933 tamen

354 960 799 1017 faciundumst:
839 979 947 1029 pro
983 967 1154 1029 patre
1184 958 1325 1015 huie
1355 966 1467 1028 est,
1500 961 1690 1016 bonus
1722 967 1834 1029 est,
1865 968 2071 1015 noster

439 1052 551 1114 est,
581 1051 747 1100 recte
777 1043 969 1099 datur.

355 1136 659 1199 postremo
689 1147 850 1182 nune
880 1146 1084 1182 meum
1114 1124 1265 1181 illud
1295 1126 1544 1181 verbum
1585 1125 1738 1181 facio
1779 1125 1940 1195 quod
1983 1134 2067 1194 tu,

440 1211 642 1279 Micio,

356 1297 512 1351 bene
545 1303 609 1350 et
639 1297 944 1363 sapienter
974 1292 1126 1348 dixti
1159 1291 1390 1348 dudum
1414 1311 1427 1347 ε
1458 1277 1497 1303 “
1517 1283 1728 1348 vitium
1753 1311 2070 1347 commune

438 1381 782 1445 omniumst,

355 1461 515 1531 quod
557 1464 808 1515 nimium
849 1458 925 1514 ad
964 1478 1093 1514 rem
1137 1462 1200 1512 in
1245 1466 1491 1514 senecta
1520 1461 1744 1513 attenti
1774 1456 2073 1513 sumus'’:

438 1544 592 1599 hanc
623 1542 919 1598 maculam
948 1561 1056 1597 nos
1087 1541 1268 1597 decet

358 1628 657 1697 ecfugere.
709 1634 773 1681 et
796 1625 1087 1681 dictumst
1112 1643 1253 1680 vere
1277 1631 1342 1680 et
1364 1642 1574 1694 reapse
1598 1623 1725 1679 fieri
1748 1630 2002 1692 oportet.

94 1715 218 1770 Aes.
380 1708 386 1715 “
1749 1710 1831 1760 mi
1861 1705 2068 1775 pater!

111 1796 267 1853 fficio
353 1794 494 1865 quid
543 1793 740 1849 istuc?
791 1810 937 1861 ager
979 1790 1222 1846 dabitur
1266 1790 1538 1859 Hegioni
1581 1787 2069 1858 quandoquidem

438 1877 536 1933 hie
566 1876 707 1931 volt.

98 1965 218 2020 Aes.
707 1956 959 2028 gaudeo.

99 2048 306 2103 Demea
358 2063 519 2100 nunc
559 2050 625 2098 tu
667 2041 813 2096 mihi
848 2060 911 2096 es
941 2058 1263 2109 germanus
1293 2038 1481 2094 frater
1510 2041 1737 2107 pariter
1770 2041 1970 2093 animo
2007 2043 2072 2092 et

440 2146 701 2195 corpore.

99 2215 229 2269 V.ix
356 2230 463 2268 suo
494 2211 604 2266 sibi
637 2208 838 2277 gladio
871 2206 1032 2261 hunc
1062 2205 1284 2274 iugulo.

95 2299 262 2368 Syrus
1017 2288 1328 2343 Factumst
1356 2285 1518 2356 quod
1546 2289 1786 2353 iussisti,
1820 2284 2067 2341 Demea.

101 2382 306 2436 Demea
358 2377 515 2445 frugi
546 2373 792 2430 homo’s.
864 2391 1008 2441 ergo
1039 2370 1256 2441 edepol
1285 2369 1466 2425 hodie
1495 2388 1631 2424 mea
1661 2367 1907 2438 quidem
1936 2387 2070 2424 sen-

440 2462 635 2515 tentia

358 2542 556 2599 iudico
587 2540 803 2609 Syrum
835 2537 961 2593 fieri
992 2555 1122 2593 esse
1154 2555 1408 2605 aequom
1435 2534 1709 2590 liberum.
2157 2529 2277 2596 960

99 2629 269 2687 Micio
1544 2621 1742 2674 istunc
1771 2616 2027 2672 liberum
2049 2616 2071 2669 ?

358 2707 660 2780 quodnam
691 2705 768 2761 ob
797 2703 1069 2759 factum?

107 2798 309 2853 Demea
870 2785 1076 2840 multa.

95 2882 265 2951 Syrus
930 2889 964 2923 o
986 2874 1191 2924 noster
1211 2866 1462 2934 Demea,
1484 2865 1701 2934 edepol
1720 2868 1808 2919 vir
1827 2863 2038 2920 bonu’s

360 2977 474 3027 ego
504 2960 649 3011 istos
679 2953 845 3009 vobis
874 2970 1064 3020 usque
1094 2970 1129 3005 a
1158 2954 1357 3019 pueris
1382 2952 1581 3004 curavi
1602 2947 1807 3003 ambos
1830 2945 2076 3003 sedulo:

360 3042 557 3100 docui,
599 3039 826 3103 monui,
871 3034 1029 3090 bene
1082 3035 1359 3102 praecepi
1412 3049 1651 3099 semper
1701 3048 1854 3099 quae
1906 3031 2073 3099 potui

443 3141 657 3178 omma.

364 3212 479 3263 318
