<?xml version="1.0" encoding="UTF-8"?>
<!DOCTYPE html PUBLIC "-//W3C//DTD XHTML 1.0 Transitional//EN"
    "http://www.w3.org/TR/xhtml1/DTD/xhtml1-transitional.dtd">
<html xmlns="http://www.w3.org/1999/xhtml" xml:lang="en" lang="en">
 <head>
  <title>
</title>
<meta http-equiv="Content-Type" content="text/html;charset=utf-8" />
  <meta name='ocr-system' content='tesseract 3.04.00' />
  <meta name='ocr-capabilities' content='ocr_page ocr_carea ocr_par ocr_line ocrx_word'/>
</head>
<body>
  <div class='ocr_page' id='page_1' title='image "./terence00tereuoft_0310.png"; bbox 0 0 2404 3704; ppageno 0'>
   <div class='ocr_carea' id='block_1_1' title="bbox 159 350 373 527">
    <p class='ocr_par' dir='ltr' id='par_1_1' title="bbox 159 350 373 527">
     <span class='ocr_line' id='line_1_1' title="bbox 166 350 373 406; baseline 0.01 -2"><span class='ocrx_word' id='word_1_1' title='bbox 166 350 373 406; x_wconf 82' lang='lat' dir='ltr'><em>Demea</em></span> 
     </span>
     <span class='ocr_line' id='line_1_2' title="bbox 159 458 330 527; baseline 0.012 -16"><span class='ocrx_word' id='word_1_2' title='bbox 159 458 330 527; x_wconf 74' lang='lat' dir='ltr'><em>Syrus</em></span> 
     </span>
    </p>
   </div>
   <div class='ocr_carea' id='block_1_2' title="bbox 161 567 372 622">
    <p class='ocr_par' dir='ltr' id='par_1_2' title="bbox 161 567 372 622">
     <span class='ocr_line' id='line_1_3' title="bbox 161 567 372 622; baseline 0.005 -1"><span class='ocrx_word' id='word_1_3' title='bbox 161 567 372 622; x_wconf 83' lang='lat' dir='ltr'><em>Demea</em></span> 
     </span>
    </p>
   </div>
   <div class='ocr_carea' id='block_1_3' title="bbox 160 788 373 952">
    <p class='ocr_par' dir='ltr' id='par_1_3' title="bbox 160 788 373 952">
     <span class='ocr_line' id='line_1_4' title="bbox 160 788 332 858; baseline 0.023 -18"><span class='ocrx_word' id='word_1_4' title='bbox 160 788 332 858; x_wconf 77' lang='lat' dir='ltr'><em>Syrus</em></span> 
     </span>
     <span class='ocr_line' id='line_1_5' title="bbox 161 898 373 952; baseline -0.005 0"><span class='ocrx_word' id='word_1_5' title='bbox 161 898 373 952; x_wconf 84' lang='lat' dir='ltr'><em>Demea</em></span> 
     </span>
    </p>
   </div>
   <div class='ocr_carea' id='block_1_4' title="bbox 158 1007 329 1076">
    <p class='ocr_par' dir='ltr' id='par_1_4' title="bbox 158 1007 329 1076">
     <span class='ocr_line' id='line_1_6' title="bbox 158 1007 329 1076; baseline 0 -14"><span class='ocrx_word' id='word_1_6' title='bbox 158 1007 329 1076; x_wconf 77' lang='lat' dir='ltr'><em>Syrus</em></span> 
     </span>
    </p>
   </div>
   <div class='ocr_carea' id='block_1_5' title="bbox 157 1223 375 1619">
    <p class='ocr_par' dir='ltr' id='par_1_5' title="bbox 157 1223 375 1619">
     <span class='ocr_line' id='line_1_7' title="bbox 167 1223 375 1280; baseline 0.01 -2"><span class='ocrx_word' id='word_1_7' title='bbox 167 1223 375 1280; x_wconf 84' lang='lat' dir='ltr'><em>Demea</em></span> 
     </span>
     <span class='ocr_line' id='line_1_8' title="bbox 158 1333 329 1401; baseline 0 -14"><span class='ocrx_word' id='word_1_8' title='bbox 158 1333 329 1401; x_wconf 79' lang='lat' dir='ltr'><em>Syrus</em></span> 
     </span>
     <span class='ocr_line' id='line_1_9' title="bbox 158 1439 371 1495; baseline -0.005 0"><span class='ocrx_word' id='word_1_9' title='bbox 158 1439 371 1495; x_wconf 88' lang='lat' dir='ltr'><em>Demea</em></span> 
     </span>
     <span class='ocr_line' id='line_1_10' title="bbox 157 1549 327 1619; baseline 0.024 -19"><span class='ocrx_word' id='word_1_10' title='bbox 157 1549 327 1619; x_wconf 76' lang='lat' dir='ltr'><em>Syrus</em></span> 
     </span>
    </p>
   </div>
   <div class='ocr_carea' id='block_1_6' title="bbox 162 1658 370 1713">
    <p class='ocr_par' dir='ltr' id='par_1_6' title="bbox 162 1658 370 1713">
     <span class='ocr_line' id='line_1_11' title="bbox 162 1658 370 1713; baseline -0.005 0"><span class='ocrx_word' id='word_1_11' title='bbox 162 1658 370 1713; x_wconf 83' lang='lat' dir='ltr'><em>Demea</em></span> 
     </span>
    </p>
   </div>
   <div class='ocr_carea' id='block_1_7' title="bbox 155 1875 326 1944">
    <p class='ocr_par' dir='ltr' id='par_1_7' title="bbox 155 1875 326 1944">
     <span class='ocr_line' id='line_1_12' title="bbox 155 1875 326 1944; baseline -0.006 -14"><span class='ocrx_word' id='word_1_12' title='bbox 155 1875 326 1944; x_wconf 77' lang='lat' dir='ltr'><em>Syrus</em></span> 
     </span>
    </p>
   </div>
   <div class='ocr_carea' id='block_1_8' title="bbox 151 2418 326 2584">
    <p class='ocr_par' dir='ltr' id='par_1_8' title="bbox 151 2418 326 2584">
     <span class='ocr_line' id='line_1_13' title="bbox 151 2418 326 2474; baseline -0.011 0"><span class='ocrx_word' id='word_1_13' title='bbox 151 2418 326 2474; x_wconf 70' lang='lat' dir='ltr'><em>Micio</em></span> 
     </span>
     <span class='ocr_line' id='line_1_14' title="bbox 153 2529 285 2584; baseline -0.015 0"><span class='ocrx_word' id='word_1_14' title='bbox 153 2529 217 2584; x_wconf 88' lang='lat' dir='ltr'><em>V.</em></span> <span class='ocrx_word' id='word_1_15' title='bbox 225 2531 285 2584; x_wconf 80' lang='lat' dir='ltr'><em>iii</em></span> 
     </span>
    </p>
   </div>
   <div class='ocr_carea' id='block_1_9' title="bbox 155 2636 359 2692">
    <p class='ocr_par' dir='ltr' id='par_1_9' title="bbox 155 2636 359 2692">
     <span class='ocr_line' id='line_1_15' title="bbox 155 2636 359 2692; baseline -0.01 -1"><span class='ocrx_word' id='word_1_16' title='bbox 155 2636 359 2692; x_wconf 80' lang='lat' dir='ltr'><em>Demea</em></span> 
     </span>
    </p>
   </div>
   <div class='ocr_carea' id='block_1_10' title="bbox 146 2960 313 3018">
    <p class='ocr_par' dir='ltr' id='par_1_10' title="bbox 146 2960 313 3018">
     <span class='ocr_line' id='line_1_16' title="bbox 146 2960 313 3018; baseline -0.024 0"><span class='ocrx_word' id='word_1_17' title='bbox 146 2961 208 3018; x_wconf 88' lang='lat' dir='ltr'><em>M</em></span> <span class='ocrx_word' id='word_1_18' title='bbox 213 2960 313 3015; x_wconf 62' lang='lat' dir='ltr'><em>icio</em></span> 
     </span>
    </p>
   </div>
   <div class='ocr_carea' id='block_1_11' title="bbox 721 230 1852 291">
    <p class='ocr_par' dir='ltr' id='par_1_11' title="bbox 721 230 1852 291">
     <span class='ocr_line' id='line_1_17' title="bbox 721 230 1852 291; baseline 0.002 -4"><span class='ocrx_word' id='word_1_19' title='bbox 721 230 967 289; x_wconf 92' lang='lat' dir='ltr'><strong>PUBLI</strong></span> <span class='ocrx_word' id='word_1_20' title='bbox 977 231 1077 290; x_wconf 93' lang='lat' dir='ltr'><em>US</em></span> <span class='ocrx_word' id='word_1_21' title='bbox 1121 231 1484 288; x_wconf 87' lang='lat' dir='ltr'>TERENTI</span> <span class='ocrx_word' id='word_1_22' title='bbox 1495 233 1593 291; x_wconf 90' lang='lat' dir='ltr'><em>US</em></span> <span class='ocrx_word' id='word_1_23' title='bbox 1638 234 1852 290; x_wconf 86' lang='lat' dir='ltr'><strong>AFER</strong></span> 
     </span>
    </p>
   </div>
   <div class='ocr_carea' id='block_1_12' title="bbox 399 349 2129 3237">
    <p class='ocr_par' dir='ltr' id='par_1_12' title="bbox 399 349 2129 3237">
     <span class='ocr_line' id='line_1_18' title="bbox 424 349 1442 421; baseline 0.003 -14"><span class='ocrx_word' id='word_1_24' title='bbox 424 349 568 420; x_wconf 90' lang='lat' dir='ltr'><em>quid</em></span> <span class='ocrx_word' id='word_1_25' title='bbox 602 350 1029 421; x_wconf 88' lang='lat' dir='ltr'><em>Ctesiphonem</em></span> <span class='ocrx_word' id='word_1_26' title='bbox 1064 351 1162 408; x_wconf 88' lang='lat' dir='ltr'><em>hic</em></span> <span class='ocrx_word' id='word_1_27' title='bbox 1193 353 1442 410; x_wconf 81' lang='lat' dir='ltr'><em>narrat?</em></span> 
     </span>
     <span class='ocr_line' id='line_1_19' title="bbox 1450 462 1552 520; baseline 0.029 -3"><span class='ocrx_word' id='word_1_28' title='bbox 1450 462 1552 520; x_wconf 82' lang='lat' dir='ltr'><em>11il.</em></span> 
     </span>
     <span class='ocr_line' id='line_1_20' title="bbox 1566 569 2039 642; baseline 0.006 -17"><span class='ocrx_word' id='word_1_29' title='bbox 1566 570 1700 639; x_wconf 81' lang='lat' dir='ltr'><em>eho,</em></span> <span class='ocrx_word' id='word_1_30' title='bbox 1735 569 2039 642; x_wconf 83' lang='lat' dir='ltr'><em>carnufex‚</em></span> 
     </span>
     <span class='ocr_line' id='line_1_21' title="bbox 424 674 1073 744; baseline 0.002 -13"><span class='ocrx_word' id='word_1_31' title='bbox 424 682 517 731; x_wconf 86' lang='lat' dir='ltr'><em>est</em></span> <span class='ocrx_word' id='word_1_32' title='bbox 548 674 834 744; x_wconf 80' lang='lat' dir='ltr'><em>Ctesipho</em></span> <span class='ocrx_word' id='word_1_33' title='bbox 867 676 1073 732; x_wconf 84' lang='lat' dir='ltr'><em>intus?</em></span> 
     </span>
     <span class='ocr_line' id='line_1_22' title="bbox 1079 797 1336 848; baseline 0.012 -3"><span class='ocrx_word' id='word_1_34' title='bbox 1079 809 1202 846; x_wconf 87' lang='lat' dir='ltr'><em>non</em></span> <span class='ocrx_word' id='word_1_35' title='bbox 1227 797 1336 848; x_wconf 88' lang='lat' dir='ltr'><em>est.</em></span> 
     </span>
     <span class='ocr_line' id='line_1_23' title="bbox 1345 898 1968 968; baseline 0.003 -14"><span class='ocrx_word' id='word_1_36' title='bbox 1345 918 1493 968; x_wconf 87' lang='lat' dir='ltr'><em>quor</em></span> <span class='ocrx_word' id='word_1_37' title='bbox 1525 898 1622 955; x_wconf 90' lang='lat' dir='ltr'><em>hic</em></span> <span class='ocrx_word' id='word_1_38' title='bbox 1652 901 1968 956; x_wconf 80' lang='lat' dir='ltr'><em>nominat?</em></span> 
     </span>
     <span class='ocr_line' id='line_1_24' title="bbox 424 1006 1751 1078; baseline 0.002 -16"><span class='ocrx_word' id='word_1_39' title='bbox 424 1014 517 1062; x_wconf 86' lang='lat' dir='ltr'><em>est</em></span> <span class='ocrx_word' id='word_1_40' title='bbox 547 1007 695 1062; x_wconf 86' lang='lat' dir='ltr'><em>alius</em></span> <span class='ocrx_word' id='word_1_41' title='bbox 727 1006 992 1078; x_wconf 87' lang='lat' dir='ltr'><em>quidam,</em></span> <span class='ocrx_word' id='word_1_42' title='bbox 1024 1012 1407 1077; x_wconf 84' lang='lat' dir='ltr'><em>parasitaster</em></span> <span class='ocrx_word' id='word_1_43' title='bbox 1438 1008 1751 1078; x_wconf 77' lang='lat' dir='ltr'><em>paululus:</em></span> 
     </span>
     <span class='ocr_line' id='line_1_25' title="bbox 424 1116 670 1172; baseline 0 -2"><span class='ocrx_word' id='word_1_44' title='bbox 424 1119 626 1172; x_wconf 82' lang='lat' dir='ltr'>nostin</span> <span class='ocrx_word' id='word_1_45' title='bbox 646 1116 670 1171; x_wconf 88' lang='lat'>?</span> 
     </span>
     <span class='ocr_line' id='line_1_26' title="bbox 684 1224 1011 1280; baseline 0 -1"><span class='ocrx_word' id='word_1_46' title='bbox 684 1228 801 1279; x_wconf 87' lang='lat' dir='ltr'><em>iam</em></span> <span class='ocrx_word' id='word_1_47' title='bbox 834 1224 1011 1280; x_wconf 78' lang='lat' dir='ltr'><em>scibo,</em></span> 
     </span>
     <span class='ocr_line' id='line_1_27' title="bbox 1042 1331 1752 1402; baseline 0.004 -16"><span class='ocrx_word' id='word_1_48' title='bbox 1042 1331 1185 1401; x_wconf 88' lang='lat' dir='ltr'><em>quid</em></span> <span class='ocrx_word' id='word_1_49' title='bbox 1218 1334 1388 1402; x_wconf 84' lang='lat' dir='ltr'><em>agis?</em></span> <span class='ocrx_word' id='word_1_50' title='bbox 1434 1353 1551 1402; x_wconf 88' lang='lat' dir='ltr'><em>quo</em></span> <span class='ocrx_word' id='word_1_51' title='bbox 1582 1334 1752 1389; x_wconf 76' lang='lat' dir='ltr'><em>abis?</em></span> 
     </span>
     <span class='ocr_line' id='line_1_28' title="bbox 1757 1445 2073 1497; baseline -0.009 -1"><span class='ocrx_word' id='word_1_52' title='bbox 1757 1445 1933 1497; x_wconf 89' lang='lat' dir='ltr'><em>mitte</em></span> <span class='ocrx_word' id='word_1_53' title='bbox 1965 1460 2073 1496; x_wconf 80' lang='lat' dir='ltr'><em>me.</em></span> 
     </span>
     <span class='ocr_line' id='line_1_29' title="bbox 422 1547 832 1617; baseline 0.002 -15"><span class='ocrx_word' id='word_1_54' title='bbox 422 1547 541 1603; x_wconf 83' lang='lat' dir='ltr'><em>noli</em></span> <span class='ocrx_word' id='word_1_55' title='bbox 573 1552 832 1617; x_wconf 86' lang='lat' dir='ltr'><em>inquam.</em></span> 
     </span>
     <span class='ocr_line' id='line_1_30' title="bbox 846 1658 1911 1726; baseline 0.002 -15"><span class='ocrx_word' id='word_1_56' title='bbox 846 1676 968 1711; x_wconf 92' lang='lat' dir='ltr'><em>non</em></span> <span class='ocrx_word' id='word_1_57' title='bbox 999 1677 1243 1712; x_wconf 87' lang='lat' dir='ltr'><em>manum</em></span> <span class='ocrx_word' id='word_1_58' title='bbox 1274 1658 1560 1726; x_wconf 74' lang='lat' dir='ltr'><em>abstines,</em></span> <span class='ocrx_word' id='word_1_59' title='bbox 1592 1658 1911 1726; x_wconf 76' lang='lat' dir='ltr'><em>mastigia?</em></span> 
     </span>
     <span class='ocr_line' id='line_1_31' title="bbox 422 1764 1890 1835; baseline 0.002 -17"><span class='ocrx_word' id='word_1_60' title='bbox 422 1786 497 1819; x_wconf 82' lang='lat' dir='ltr'><em>an</em></span> <span class='ocrx_word' id='word_1_61' title='bbox 529 1765 638 1820; x_wconf 86' lang='lat' dir='ltr'><em>tibi</em></span> <span class='ocrx_word' id='word_1_62' title='bbox 670 1768 788 1820; x_wconf 86' lang='lat' dir='ltr'><em>iam</em></span> <span class='ocrx_word' id='word_1_63' title='bbox 817 1768 1002 1820; x_wconf 88' lang='lat' dir='ltr'><em>mavis</em></span> <span class='ocrx_word' id='word_1_64' title='bbox 1034 1765 1347 1820; x_wconf 87' lang='lat' dir='ltr'><em>cerebrum</em></span> <span class='ocrx_word' id='word_1_65' title='bbox 1378 1764 1716 1835; x_wconf 82' lang='lat' dir='ltr'><em>dispergam</em></span> <span class='ocrx_word' id='word_1_66' title='bbox 1751 1765 1890 1821; x_wconf 87' lang='lat' dir='ltr'><em>hic?</em></span> 
     </span>
     <span class='ocr_line' id='line_1_32' title="bbox 1902 1873 2128 1928; baseline 0 -1"><span class='ocrx_word' id='word_1_67' title='bbox 1902 1873 2128 1928; x_wconf 88' lang='lat' dir='ltr'><em>abit.—</em></span> 
     </span>
     <span class='ocr_line' id='line_1_33' title="bbox 422 1979 1910 2051; baseline -0.001 -14"><span class='ocrx_word' id='word_1_68' title='bbox 422 1980 638 2051; x_wconf 72' lang='lat' dir='ltr'><em>edepol</em></span> <span class='ocrx_word' id='word_1_69' title='bbox 669 1984 1114 2036; x_wconf 84' lang='lat' dir='ltr'><em>comissatorem</em></span> <span class='ocrx_word' id='word_1_70' title='bbox 1144 1979 1306 2035; x_wconf 87' lang='lat' dir='ltr'><em>haud</em></span> <span class='ocrx_word' id='word_1_71' title='bbox 1337 1999 1479 2036; x_wconf 89' lang='lat' dir='ltr'><em>sane</em></span> <span class='ocrx_word' id='word_1_72' title='bbox 1511 1980 1910 2049; x_wconf 89' lang='lat' dir='ltr'><em>commodum,</em></span> 
     </span>
     <span class='ocr_line' id='line_1_34' title="bbox 420 2088 1970 2160; baseline 0 -16"><span class='ocrx_word' id='word_1_73' title='bbox 420 2093 772 2160; x_wconf 86' lang='lat' dir='ltr'><em>praesertim</em></span> <span class='ocrx_word' id='word_1_74' title='bbox 805 2088 1155 2158; x_wconf 88' lang='lat' dir='ltr'><em>Ctesiphoni</em></span> <span class='ocrx_word' id='word_1_75' title='bbox 1181 2089 1191 2144; x_wconf 72' lang='grc' dir='ltr'><strong>Ξ</strong></span> <span class='ocrx_word' id='word_1_76' title='bbox 1239 2088 1383 2157; x_wconf 90' lang='lat' dir='ltr'><em>quid</em></span> <span class='ocrx_word' id='word_1_77' title='bbox 1416 2108 1530 2158; x_wconf 88' lang='lat' dir='ltr'><em>ego</em></span> <span class='ocrx_word' id='word_1_78' title='bbox 1560 2109 1721 2143; x_wconf 89' lang='lat' dir='ltr'><em>nunc</em></span> <span class='ocrx_word' id='word_1_79' title='bbox 1751 2090 1970 2158; x_wconf 85' lang='lat' dir='ltr'><em>agam?</em></span> 
     </span>
     <span class='ocr_line' id='line_1_35' title="bbox 420 2196 2129 2266; baseline -0.001 -13"><span class='ocrx_word' id='word_1_80' title='bbox 420 2202 552 2266; x_wconf 84' lang='lat' dir='ltr'><em>nisi,</em></span> <span class='ocrx_word' id='word_1_81' title='bbox 585 2197 730 2253; x_wconf 92' lang='lat' dir='ltr'><em>dum</em></span> <span class='ocrx_word' id='word_1_82' title='bbox 759 2196 909 2252; x_wconf 86' lang='lat' dir='ltr'><em>haec</em></span> <span class='ocrx_word' id='word_1_83' title='bbox 933 2197 1221 2253; x_wconf 89' lang='lat' dir='ltr'><em>silescunt</em></span> <span class='ocrx_word' id='word_1_84' title='bbox 1243 2197 1477 2265; x_wconf 80' lang='lat' dir='ltr'><em>turbae,</em></span> <span class='ocrx_word' id='word_1_85' title='bbox 1502 2201 1735 2253; x_wconf 89' lang='lat' dir='ltr'><em>interea</em></span> <span class='ocrx_word' id='word_1_86' title='bbox 1758 2201 1819 2251; x_wconf 91' lang='lat' dir='ltr'><em>in</em></span> <span class='ocrx_word' id='word_1_87' title='bbox 1843 2197 2129 2266; x_wconf 80' lang='lat' dir='ltr'><em>angulum</em></span> 
     </span>
     <span class='ocr_line' id='line_1_36' title="bbox 414 2303 2118 2375; baseline -0.001 -15"><span class='ocrx_word' id='word_1_88' title='bbox 414 2307 616 2375; x_wconf 82' lang='lat' dir='ltr'><em>aliquo</em></span> <span class='ocrx_word' id='word_1_89' title='bbox 638 2303 1056 2373; x_wconf 85' lang='lat' dir='ltr'><em>abeam&#39;atque</em></span> <span class='ocrx_word' id='word_1_90' title='bbox 1082 2303 1472 2360; x_wconf 83' lang='lat' dir='ltr'><em>edormiscam</em></span> <span class='ocrx_word' id='word_1_91' title='bbox 1498 2303 1609 2359; x_wconf 92' lang='lat' dir='ltr'><em>hoc</em></span> <span class='ocrx_word' id='word_1_92' title='bbox 1633 2303 1757 2359; x_wconf 91' lang='lat' dir='ltr'><em>villi</em></span> <span class='ocrx_word' id='word_1_93' title='bbox 1781 2323 1794 2359; x_wconf 70' lang='grc' dir='ltr'>ε</span> <span class='ocrx_word' id='word_1_94' title='bbox 1825 2308 1907 2360; x_wconf 89' lang='lat' dir='ltr'><em>sic</em></span> <span class='ocrx_word' id='word_1_95' title='bbox 1931 2325 2118 2373; x_wconf 85' lang='lat' dir='ltr'><em>agam.</em></span> 
     </span>
     <span class='ocr_line' id='line_1_37' title="bbox 413 2412 1783 2482; baseline -0.002 -12"><span class='ocrx_word' id='word_1_96' title='bbox 413 2416 620 2471; x_wconf 85' lang='lat' dir='ltr'><em>Parata</em></span> <span class='ocrx_word' id='word_1_97' title='bbox 649 2435 683 2469; x_wconf 86' lang='lat' dir='ltr'><em>a</em></span> <span class='ocrx_word' id='word_1_98' title='bbox 712 2414 884 2469; x_wconf 92' lang='lat' dir='ltr'><em>nobis</em></span> <span class='ocrx_word' id='word_1_99' title='bbox 915 2420 1076 2482; x_wconf 88' lang='lat' dir='ltr'><em>sunt,</em></span> <span class='ocrx_word' id='word_1_100' title='bbox 1107 2417 1191 2468; x_wconf 90' lang='lat' dir='ltr'><em>ita</em></span> <span class='ocrx_word' id='word_1_101' title='bbox 1221 2419 1290 2468; x_wconf 90' lang='lat' dir='ltr'><em>ut</em></span> <span class='ocrx_word' id='word_1_102' title='bbox 1321 2412 1464 2481; x_wconf 81' lang='lat' dir='ltr'><em>dixi,</em></span> <span class='ocrx_word' id='word_1_103' title='bbox 1497 2412 1783 2480; x_wconf 82' lang='lat' dir='ltr'><em>Sostrata,</em></span> 
     </span>
     <span class='ocr_line' id='line_1_38' title="bbox 418 2519 2125 2591; baseline -0.002 -12"><span class='ocrx_word' id='word_1_104' title='bbox 418 2525 642 2580; x_wconf 89' lang='lat' dir='ltr'><em>ubivis.</em></span> <span class='ocrx_word' id='word_1_105' title='bbox 720 2526 992 2591; x_wconf 87' lang='lat' dir='ltr'><em>quisnam</em></span> <span class='ocrx_word' id='word_1_106' title='bbox 1023 2542 1057 2575; x_wconf 89' lang='lat' dir='ltr'><em>a</em></span> <span class='ocrx_word' id='word_1_107' title='bbox 1086 2541 1184 2576; x_wconf 91' lang='lat' dir='ltr'><em>me</em></span> <span class='ocrx_word' id='word_1_108' title='bbox 1216 2520 1450 2590; x_wconf 87' lang='lat' dir='ltr'><em>pepulit</em></span> <span class='ocrx_word' id='word_1_109' title='bbox 1478 2528 1602 2575; x_wconf 85' lang='lat' dir='ltr'><em>tam</em></span> <span class='ocrx_word' id='word_1_110' title='bbox 1632 2524 1895 2588; x_wconf 84' lang='lat' dir='ltr'><em>graviter</em></span> <span class='ocrx_word' id='word_1_111' title='bbox 1926 2519 2125 2576; x_wconf 83' lang='lat' dir='ltr'><em>fores?</em></span> 
     </span>
     <span class='ocr_line' id='line_1_39' title="bbox 413 2627 2126 2700; baseline -0.004 -12"><span class='ocrx_word' id='word_1_112' title='bbox 413 2637 468 2689; x_wconf 89' lang='lat' dir='ltr'><em>ei</em></span> <span class='ocrx_word' id='word_1_113' title='bbox 491 2631 660 2700; x_wconf 89' lang='lat' dir='ltr'><em>mihi,</em></span> <span class='ocrx_word' id='word_1_114' title='bbox 684 2629 830 2700; x_wconf 91' lang='lat' dir='ltr'><em>quid</em></span> <span class='ocrx_word' id='word_1_115' title='bbox 853 2629 1067 2685; x_wconf 89' lang='lat' dir='ltr'><em>faciam</em></span> <span class='ocrx_word' id='word_1_116' title='bbox 1090 2630 1111 2684; x_wconf 88' lang='lat'>?</span> <span class='ocrx_word' id='word_1_117' title='bbox 1152 2628 1297 2698; x_wconf 90' lang='lat' dir='ltr'><em>quid</em></span> <span class='ocrx_word' id='word_1_118' title='bbox 1320 2648 1494 2698; x_wconf 88' lang='lat' dir='ltr'><em>agam</em></span> <span class='ocrx_word' id='word_1_119' title='bbox 1515 2629 1536 2683; x_wconf 91' lang='lat'>?</span> <span class='ocrx_word' id='word_1_120' title='bbox 1579 2627 1721 2697; x_wconf 89' lang='lat' dir='ltr'><em>quid</em></span> <span class='ocrx_word' id='word_1_121' title='bbox 1747 2627 1997 2683; x_wconf 84' lang='lat' dir='ltr'><em>clamem</em></span> <span class='ocrx_word' id='word_1_122' title='bbox 2022 2635 2126 2683; x_wconf 90' lang='lat' dir='ltr'><em>aut</em></span> 
     </span>
     <span class='ocr_line' id='line_1_40' title="bbox 491 2739 749 2810; baseline -0.012 -14"><span class='ocrx_word' id='word_1_123' title='bbox 491 2758 706 2810; x_wconf 85' lang='lat' dir='ltr'><em>querar</em></span> <span class='ocrx_word' id='word_1_124' title='bbox 727 2739 749 2794; x_wconf 86' lang='lat'>?</span> 
     </span>
     <span class='ocr_line' id='line_1_41' title="bbox 407 2844 1624 2916; baseline -0.004 -12"><span class='ocrx_word' id='word_1_125' title='bbox 407 2870 443 2905; x_wconf 86' lang='lat' dir='ltr'><em>o</em></span> <span class='ocrx_word' id='word_1_126' title='bbox 474 2847 726 2916; x_wconf 88' lang='lat' dir='ltr'><em>caelum,</em></span> <span class='ocrx_word' id='word_1_127' title='bbox 757 2867 792 2903; x_wconf 94' lang='lat' dir='ltr'><em>o</em></span> <span class='ocrx_word' id='word_1_128' title='bbox 821 2854 1002 2916; x_wconf 86' lang='lat' dir='ltr'><em>terra,</em></span> <span class='ocrx_word' id='word_1_129' title='bbox 1034 2866 1068 2902; x_wconf 96' lang='lat' dir='ltr'><em>o</em></span> <span class='ocrx_word' id='word_1_130' title='bbox 1099 2850 1283 2900; x_wconf 86' lang='lat' dir='ltr'><em>maria</em></span> <span class='ocrx_word' id='word_1_131' title='bbox 1315 2844 1624 2914; x_wconf 82' lang='lat' dir='ltr'><em>Neptuni!</em></span> 
     </span>
     <span class='ocr_line' id='line_1_42' title="bbox 1635 2951 1910 3006; baseline -0.004 0"><span class='ocrx_word' id='word_1_132' title='bbox 1635 2970 1731 3006; x_wconf 88' lang='lat' dir='ltr'><em>em</em></span> <span class='ocrx_word' id='word_1_133' title='bbox 1762 2951 1910 3006; x_wconf 82' lang='lat' dir='ltr'><em>tibi:</em></span> 
     </span>
     <span class='ocr_line' id='line_1_43' title="bbox 399 3057 1941 3125; baseline -0.006 -3"><span class='ocrx_word' id='word_1_134' title='bbox 399 3069 642 3122; x_wconf 82' lang='lat' dir='ltr'><em>rescivit</em></span> <span class='ocrx_word' id='word_1_135' title='bbox 671 3083 914 3121; x_wconf 87' lang='lat' dir='ltr'><em>omnem</em></span> <span class='ocrx_word' id='word_1_136' title='bbox 946 3081 1111 3119; x_wconf 85' lang='lat' dir='ltr'><em>rem:</em></span> <span class='ocrx_word' id='word_1_137' title='bbox 1156 3061 1218 3117; x_wconf 87' lang='lat' dir='ltr'><em>id</em></span> <span class='ocrx_word' id='word_1_138' title='bbox 1249 3079 1410 3117; x_wconf 88' lang='lat' dir='ltr'><em>nunc</em></span> <span class='ocrx_word' id='word_1_139' title='bbox 1441 3059 1695 3115; x_wconf 86' lang='lat' dir='ltr'><em>clamat:</em></span> <span class='ocrx_word' id='word_1_140' title='bbox 1740 3057 1941 3125; x_wconf 82' lang='lat' dir='ltr'><em>ilicet3</em></span> 
     </span>
     <span class='ocr_line' id='line_1_44' title="bbox 400 3186 518 3237; baseline -0.008 0"><span class='ocrx_word' id='word_1_141' title='bbox 400 3186 518 3237; x_wconf 79' lang='lat'><em>300</em></span> 
     </span>
    </p>
   </div>
   <div class='ocr_carea' id='block_1_13' title="bbox 2227 1122 2346 1180">
    <p class='ocr_par' dir='ltr' id='par_1_13' title="bbox 2227 1122 2346 1180">
     <span class='ocr_line' id='line_1_45' title="bbox 2227 1122 2346 1180; baseline -0.05 -1"><span class='ocrx_word' id='word_1_142' title='bbox 2227 1122 2346 1180; x_wconf 89' lang='grc'><em>780</em></span> 
     </span>
    </p>
   </div>
   <div class='ocr_carea' id='block_1_14' title="bbox 2209 2847 2327 2908">
    <p class='ocr_par' dir='ltr' id='par_1_14' title="bbox 2209 2847 2327 2908">
     <span class='ocr_line' id='line_1_46' title="bbox 2209 2847 2327 2908; baseline 0.025 -3"><span class='ocrx_word' id='word_1_143' title='bbox 2209 2847 2327 2908; x_wconf 86' lang='grc'><em>790</em></span> 
     </span>
    </p>
   </div>
  </div>
 </body>
</html>
