2352 3724
1000 450 1440 508 PROLOGVS

364 558 688 627 Postquam
718 564 900 628 poeta
930 561 1121 614 sensit
1150 562 1508 628 scripturam
1537 578 1705 615 suam

361 653 437 710 ab
465 656 688 723 iniquis
719 653 1020 709 observari
1051 660 1116 709 et
1145 653 1512 710 advorsarios

361 767 571 818 rapere
600 752 666 804 in
694 752 964 819 peiorem
993 756 1229 818 partem
1260 768 1440 818 quam
1469 752 1661 804 acturi
1693 768 1924 804 sumus:

360 843 583 900 indicio
612 843 691 900 de
722 863 785 900 se
816 847 945 913 ipse
978 847 1114 913 erit,
1144 863 1248 900 vos
1279 848 1446 900 eritis
1476 843 1726 913 iudiceS,

362 939 569 995 laudin
597 959 676 995 an
706 942 853 995 vitio
884 939 1024 996 duci
1054 939 1118 995 id
1148 938 1378 995 factum
1407 947 1698 1009 oporteat.

361 1034 1000 1105 Synapothnescontes
1031 1034 1266 1104 Diphili
1297 1034 1694 1090 comoediast:

361 1150 496 1186 eam
526 1128 987 1187 Commorientis
1021 1130 1268 1186 Plautus
1298 1128 1447 1185 fecit
1476 1129 1756 1185 fabulam.

362 1230 425 1281 in
458 1225 690 1282 Graeca
718 1211 1074 1283 adulescens
1107 1233 1219 1295 est,
1251 1229 1353 1303 qui
1383 1225 1589 1280 lenoni
1613 1229 1793 1293 eripit

362 1326 747 1377 meretricem
778 1326 841 1376 in
871 1324 1064 1391 prima
1092 1320 1326 1377 fabula:
1372 1340 1514 1376 eum
1546 1320 1791 1375 Plautus
1822 1319 2019 1374 locum

366 1417 612 1486 reliquit
641 1421 965 1485 integrum.
1044 1437 1183 1472 eum
1214 1415 1312 1471 hic
1342 1415 1543 1471 locum
1573 1420 1827 1484 sumpsit
1858 1415 1967 1470 sibi

360 1516 423 1567 in
452 1511 787 1582 Adelphos,
818 1513 1069 1567 verbum
1100 1512 1176 1567 de
1207 1512 1390 1568 verbo
1422 1530 1770 1580 expressum
1803 1510 2036 1564 extulit.

361 1627 494 1663 eam
523 1627 632 1663 nos
662 1611 855 1662 acturi
886 1627 1088 1663 sumus
1119 1627 1368 1662 novam:
1414 1609 1755 1676 pernoscite

363 1703 672 1759 furtumne
703 1702 932 1758 factum
964 1707 1342 1758 existumetis
1371 1722 1450 1757 an
1479 1701 1677 1757 locum

364 1817 735 1868 reprensum,
767 1802 870 1867 qui
900 1802 1264 1868 praeteritus
1294 1797 1754 1866 neclegentiast.

365 1997 504 2032 nam
536 1976 700 2046 quod
729 1981 828 2033 isti
860 1977 1074 2032 dicunt
1101 1975 1387 2046 malivoli,
1416 1974 1693 2031 homines
1722 1973 1939 2031 nobilis

363 2072 525 2128 hunc
556 2072 829 2128 adiutare
859 2071 1231 2140 adsidueque
1263 2091 1384 2127 una
1413 2071 1704 2127 scribere:

363 2168 524 2238 quod
555 2167 641 2222 illi
670 2166 1065 2223 maledictum
1095 2166 1426 2222 vehemens
1459 2185 1587 2221 esse
1620 2169 2009 2234 existumant,

363 2283 494 2318 eam
524 2262 767 2318 laudem
799 2262 896 2318 hic
927 2262 1098 2319 ducit
1125 2282 1488 2331 maxumam,
1512 2280 1693 2330 quom
1716 2259 1833 2316 illis
1857 2259 2077 2329 placet,

358 2363 458 2428 qui
490 2359 655 2414 vobis
687 2361 978 2414 univorsis
1008 2365 1074 2414 et
1102 2357 1326 2428 populo
1355 2356 1620 2427 placent,

361 2473 612 2523 quorum
642 2473 824 2523 opera
854 2458 915 2508 in
948 2452 1129 2523 bello,
1159 2457 1223 2507 in
1253 2455 1397 2522 otio,
1426 2454 1491 2507 in
1520 2454 1768 2520 negotio

359 2568 465 2605 suo
495 2553 747 2619 quisque
778 2557 1053 2646 tempore
1084 2556 1255 2605 usust
1284 2551 1414 2605 sine
1444 2546 1738 2617 superbia.

358 2727 580 2784 dehinc
609 2747 689 2784 ne
721 2731 1058 2797 expectetis
1088 2733 1516 2795 argumentum
1546 2723 1817 2781 fabulae:

357 2842 532 2880 senes
561 2826 665 2893 qui
694 2826 871 2893 primi
901 2826 1171 2892 venient,
1203 2825 1259 2878 ei
1288 2829 1524 2892 partem
1552 2823 1848 2890 aperient,

358 2923 419 2973 in
448 2917 688 2988 agendo
718 2925 954 2988 partem
985 2916 1330 2974 ostendent.
1407 2915 1590 2972 facite
1618 2917 2052 2983 aequanimitas

356 3019 573 3084 poetae
602 3012 680 3069 ad
711 3012 1097 3069 scribendum
1126 3018 1348 3081 augeat
1376 3010 1749 3067 industriam.

351 3182 468 3235 218

2215 1419 2286 1468 10

2203 2429 2308 2505 ⁴20v
