2352 3724
691 248 1046 306 PUBLIUS
1093 249 1563 307 TERENTIUS
1609 251 1825 305 AFER

399 379 468 428 ut
490 373 678 441 possis
701 390 838 425 cum
863 369 983 439 illa,
1003 369 1221 426 mulier
1239 389 1318 425 ne
1337 377 1402 426 te
1421 369 1774 426 adulescens
1794 371 2111 440 defetiget.

138 455 283 512 Nau.
403 454 619 510 faciam
667 461 737 509 ut
785 454 972 509 iubes,
1049 453 1157 509 sed
1203 473 1407 509 meum
1452 457 1643 509 virum
1687 456 1791 510 abs
1839 463 1903 510 te
1951 460 2114 511 exire

480 537 672 593 video,

138 621 263 680 Chr.
1559 619 1758 690 ehem,
1792 619 2114 690 Demipho,

399 708 519 760 iam
547 702 636 759 illi
667 702 937 760 datumst
966 703 1327 772 argentum?

141 787 316 845 Demi.
1289 790 1488 842 curavi
1518 786 1670 841 ilico.

138 871 265 930 Clzr.
1633 869 1859 925 nollem
1889 868 2114 925 datum.

401 958 477 1024 ei,
508 954 685 1010 video
717 972 997 1010 uxorem:
1046 972 1236 1023 paene
1270 951 1401 1022 plus
1432 972 1622 1021 quamv
1641 960 1733 1008 sat
1763 960 1906 1008 erat.

140 1037 319 1095 Demi.
1373 1055 1521 1104 quor
1550 1035 1760 1104 nolleS,
1795 1035 2117 1091 Chremes?

140 1133 268 1191 Clzr.
402 1137 521 1188 iam
550 1139 733 1189 recte.

139 1228 318 1286 Demi.
745 1227 891 1297 quid
922 1229 1030 1283 tu?
1076 1226 1294 1297 ecquid
1324 1225 1582 1282 locutu's
1613 1245 1750 1282 cum
1771 1228 1920 1281 istac
1944 1244 2120 1293 quam

486 1312 564 1368 ob
594 1331 721 1366 rem
755 1311 911 1366 hanc
943 1311 1256 1366 ducimus?

140 1395 266 1453 Chr.
402 1399 685 1463 transegi.

140 1492 322 1548 Demi.
620 1489 766 1560 quid
796 1493 882 1545 ait
911 1489 1199 1545 tandem?

141 1587 268 1645 Chr.
1109 1584 1325 1641 abduci
1359 1604 1481 1640 non
1514 1591 1733 1654 potest.

140 1681 321 1740 Demi.
1594 1683 1695 1749 qui
1726 1698 1848 1734 non
1878 1680 2117 1748 potest?

142 1778 268 1836 Chr.
404 1781 544 1848 quia
572 1784 831 1848 uterque
861 1780 1163 1846 utriquest
1193 1775 1373 1832 cordi.
2206 1777 2337 1828 800·

139 1874 323 1934 Demi.
1161 1871 1308 1941 quid
1336 1875 1491 1927 istuc
1521 1871 1761 1926 nostra?

144 1970 270 2029 Chr.
1471 1969 1692 2035 magni.
1769 1963 2121 2035 praeterhac

407 2060 728 2123 cognatam
760 2054 1025 2122 comperi
1058 2070 1187 2107 esse
1218 2050 1405 2106 nobis,

142 2138 323 2194 Demi.
1414 2131 1598 2202 quid?
1644 2129 1877 2188 deliras.

145 2221 271 2278 Clzr.
1873 2217 1956 2269 sic
1988 2217 2117 2268 erit.

408 2322 530 2359 non
560 2310 794 2358 temere
826 2301 991 2357 dico:
1037 2300 1187 2356 redii
1218 2304 1459 2356 mecum
1488 2302 1550 2354 in
1579 2300 1945 2353 memoriam.

145 2387 325 2444 Demi.
1628 2386 1783 2437 satin
1815 2399 1990 2436 sanus
2021 2379 2122 2434 es?

146 2482 294 2540 Nau.
410 2502 485 2536 au
517 2481 782 2550 obsecro,
813 2479 951 2535 vide
981 2498 1060 2535 ne
1091 2483 1155 2534 in
1186 2485 1505 2547 cognatam
1535 2495 1764 2547 pecces.

147 2578 326 2635 Demi.
1662 2591 1784 2627 non
1816 2577 1923 2627 est.

149 2673 275 2731 Chr.
1829 2684 1908 2721 ne
1937 2682 2126 2734 nega:

415 2759 600 2826 patris
629 2774 855 2811 nomen
884 2752 1049 2810 aliud
1079 2752 1400 2809 dictumst:
1446 2749 1560 2806 hoc
1591 2757 1659 2805 tu
1691 2752 1916 2804 errasti.

148 2840 329 2897 Demi.
1503 2852 1627 2888 non
1649 2839 1824 2888 norat
1853 2829 2126 2901 patrem?

149 2934 277 2993 Chr.
411 2941 601 2991 norat.

147 3029 328 3086 Demi.
531 3048 680 3098 quor
709 3027 873 3084 aliud
904 3027 1094 3084 dixit?

149 3112 276 3171 Chr.
1003 3127 1412 3179 numquamne
1442 3106 1623 3164 hodie
1654 3105 1948 3162 concedes
1975 3101 2123 3159 mihi

414 3199 489 3250 00
