2352 3724
652 237 1007 296 PUBLIUS
1052 228 1415 294 TERENTI
1425 239 1525 297 US
1570 239 1785 296 AFER

357 358 538 416 eduxi
568 379 603 414 a
632 358 896 430 parvolo,
925 357 1131 429 habui,
1161 363 1353 414 amavi
1386 379 1493 430 pro
1522 378 1692 428 me03

359 472 422 523 in
452 487 525 524 eo
554 487 652 523 me
684 467 944 536 oblect0,
976 466 1169 523 solum
1199 467 1262 523 id
1294 475 1387 523 est
1418 487 1622 524 carum
1650 467 1816 523 mihi.

359 575 462 632 ille
492 583 563 632 ut
591 579 740 631 item
771 582 981 630 contra
1009 594 1108 631 me
1139 574 1362 631 habeat
1391 574 1546 631 facio
1575 574 1787 631 sedulo
1805 595 1817 607 ·

362 684 459 753 do,
489 686 931 753 praetermitto,
961 702 1085 738 non
1115 702 1362 739 necesse
1393 682 1588 738 habeo
1618 686 1815 738 omnia

362 811 469 862 pro
498 810 635 847 meo
664 795 793 846 iure
822 810 1003 859 agere
1028 809 1041 856 ;
1072 798 1396 860 postremo,
1426 790 1526 845 alii
1558 790 1897 846 clanculum

362 907 564 970 patres
594 917 748 969 quae
779 898 1030 968 faciunt,
1062 917 1215 967 quae
1246 897 1367 954 fert
1395 897 1828 968 adulescentia,

363 1028 434 1064 ea
463 1027 542 1063 ne
570 1025 670 1063 me
700 1006 862 1063 celet
892 1005 1234 1062 consuefeci
1263 1005 1467 1062 filium.

364 1136 502 1171 narn
534 1119 635 1185 qui
665 1118 911 1170 mentiri
939 1121 1046 1170 aut
1075 1112 1286 1170 fallere
1316 1117 1570 1170 insuerit
1599 1121 1835 1183 patrem
1864 1120 1971 1170 aut

363 1223 633 1292 audebit,
662 1230 836 1278 tanto
865 1225 1056 1291 magis
1085 1221 1337 1278 audebit
1366 1228 1615 1279 ceteros.

366 1331 594 1402 pudore
626 1338 690 1387 et
719 1330 1085 1386 liberalitate
1114 1329 1334 1386 liberos

366 1444 630 1496 retinere
660 1442 845 1494 satius
876 1457 1007 1494 0330
1037 1437 1218 1494 credo
1248 1458 1429 1507 quam
1457 1445 1643 1494 metu.

366 1549 515 1604 haec
545 1547 716 1603 fratri
744 1566 985 1602 mecum
1013 1566 1136 1602 non
1168 1549 1539 1602 conveniunt
1566 1565 1766 1615 neque
1798 1545 2056 1615 placent.

368 1660 536 1713 venit
563 1655 641 1711 ad
670 1675 769 1711 me
800 1674 979 1724 saepe
1011 1654 1274 1711 clamans
1304 1639 1343 1666 “
1362 1653 1509 1724 quid
1537 1658 1685 1724 agiS,
1718 1654 1900 1709 Micio
1923 1654 1946 1709 ?

369 1784 519 1835 quor
546 1763 749 1835 perdis
778 1762 1235 1819 adulescentem
1264 1762 1481 1818 nobis?
1512 1781 1662 1832 quor
1690 1762 1897 1817 amat?

369 1893 518 1943 quor
546 1872 762 1942 potat?
793 1890 942 1940 quor
970 1877 1040 1926 tu
1071 1870 1164 1927 his
1194 1871 1372 1926 rebus
1403 1879 1711 1939 sumptum
1741 1872 2033 1938 suggeriS,

370 1985 594 2038 vestitu
624 1983 810 2035 nimio
839 1977 1120 2047 indulges
1143 1979 1164 2032 ?
1195 1981 1449 2033 nimium
1478 1981 1721 2046 ineptus
1753 1995 1832 2032 es.
1857 1975 1891 1995 ”

371 2092 624 2145 nimium
642 2091 770 2157 ipse
791 2093 884 2142 est
903 2086 1087 2142 durus
1105 2093 1347 2156 praeter
1364 2104 1739 2154 aequomque
1761 2091 1825 2140 et
1848 2084 2093 2152 bonum,

374 2205 439 2254 et
468 2203 628 2253 errat
655 2194 837 2263 longe
868 2213 1003 2249 mea
1033 2192 1279 2262 quidem
1311 2196 1636 2261 sententia,

375 2308 478 2375 qui
507 2306 827 2373 imperium
857 2300 1067 2357 credat
1094 2304 1332 2370 gravius
1365 2319 1494 2356 esse
1523 2307 1630 2355 aut
1659 2299 1930 2356 stabilius

375 2417 433 2468 vi
463 2410 625 2482 quod
655 2409 723 2466 fit
752 2429 932 2479 quam
962 2407 1113 2464 illud
1144 2407 1305 2477 quod
1334 2411 1598 2463 amicitia
1626 2407 1989 2475 adiungitur.

375 2540 511 2576 mea
540 2522 623 2575 sic
653 2524 748 2573 est
776 2520 927 2572 ratio
959 2523 1023 2572 et
1052 2520 1135 2572 sic
1164 2519 1432 2570 animum
1461 2514 1681 2570 induco
1709 2533 1912 2569 meum
1935 2531 1950 2569 ε

377 2627 535 2684 malo
565 2633 804 2682 coactus
835 2628 937 2693 qui
968 2643 1137 2680 suom
1167 2623 1424 2678 officium
1455 2621 1622 2691 facit,

379 2736 524 2792 dum
553 2733 617 2789 id
646 2736 931 2789 rescitum
964 2735 1033 2786 iri
1066 2730 1280 2798 credit,
1310 2734 1608 2798 tantisper
1636 2735 1854 2799 pavet3

379 2847 427 2901 si
457 2848 659 2912 sperat
689 2840 816 2895 fore
847 2839 1021 2908 clam,
1051 2857 1284 2893 rursum
1306 2836 1383 2892 ad
1413 2839 1725 2905 ingenium
1755 2834 1928 2891 redit.

379 2951 482 3007 ille
513 2969 694 3019 quem
723 2946 1016 3003 beneficio
1046 2945 1337 3013 adiungas
1368 2963 1441 3000 ex
1471 2947 1671 2998 animo
1701 2942 1864 3011 facit,

381 3057 590 3115 studet
619 3075 726 3126 par
754 3054 1000 3123 referre,
1032 3071 1314 3123 praesens
1343 3052 1679 3119 absensque
1708 3049 1870 3106 idem
1903 3052 2031 3104 erit.

384 3197 502 3248 222

2205 581 2282 632 50

2219 1649 2296 1707 60

2228 2731 2304 2785 70
