2352 3724
65 567 206 621 Geta

68 661 229 716 Demi

67 853 209 909 Θεία

74 949 245 1004 Demi.

69 1045 211 1101 Geta

70 1236 248 1293 Demi.

73 1623 218 1679 Θεία

71 1715 251 1774 Demi.

76 1814 218 1870 Θεία

73 1908 254 1966 Demi.

77 2006 218 2062 Geta

74 2100 256 2157 Demi.

76 2197 246 2253 Plzae.

80 2374 223 2431 Geta

80 2469 258 2526 Demi.

87 2948 247 3004 Phor.

84 3030 160 3086 II.
183 3035 223 3085 ii

89 3113 224 3170 Geta

619 254 980 314 PUBLIUS
1013 256 1489 315 TERENTIUS
1540 260 1751 315 AFER

325 374 532 430 dotem
564 374 806 444 daretis,
839 384 1159 444 quaereret
1190 377 1372 433 alium
1409 383 1616 435 virum.

327 490 443 538 qua
472 474 704 526 ratione
735 474 974 540 inopem
1011 476 1207 539 potius
1238 472 1501 529 ducebat
1531 474 1817 531 domum?

329 585 449 621 non
482 569 632 621 ratio
664 585 870 622 verum
902 575 1223 634 argentum
1255 568 1479 624 deerat.

1466 673 1732 722 sumeret

329 756 625 813 alicunde.

613 853 930 909 alicunde?
976 854 1055 908 nil
1093 861 1186 910 est
1215 853 1378 910 dictu
1415 854 1660 912 faciliuS.

331 956 635 1018 postremo
666 954 713 1004 si
744 949 911 1004 nullo
941 949 1057 1004 alio
1089 957 1283 1019 pactO,
1315 950 1576 1006 faenore.

332 1044 455 1113 hui,
488 1045 638 1099 dixti
679 1044 956 1114 pulchre!
1003 1045 1300 1113 siquidem
1331 1049 1644 1115 quisquam
1676 1047 1952 1104 crederet

332 1148 396 1196 te
429 1144 575 1195 vivo,

563 1256 703 1304 non,
736 1255 858 1291 non
889 1240 971 1291 sie
1003 1235 1361 1292 futurumst:
1407 1257 1526 1292 non
1562 1245 1776 1306 potest.

334 1352 489 1401 egon
523 1331 683 1386 illam
717 1351 853 1386 eum
884 1331 986 1386 illo
1019 1339 1087 1387 ut
1117 1336 1310 1401 patiar
1339 1340 1588 1401 nuptam
1624 1353 1807 1387 unum
1839 1333 2036 1388 diem?

334 1428 418 1483 nil
451 1448 628 1483 suave
662 1431 1019 1482 meritumst.
1096 1426 1404 1483 hominem
1435 1432 1935 1483 commonstrarier

335 1527 416 1578 mi
450 1529 627 1578 istum
666 1521 797 1577 volo
826 1530 932 1577 aut
964 1523 1064 1577 ubi
1094 1521 1332 1578 habitet
1362 1522 1843 1579 demonstrarier.

339 1638 557 1687 nempe
599 1617 1052 1673 Phormionem?

1026 1717 1206 1769 istum
1240 1722 1555 1782 patronum
1593 1713 1870 1769 mulieris,

340 1815 456 1866 iam
488 1809 624 1865 faxo
659 1809 752 1864 hie
783 1808 994 1866 aderit.

970 1902 1244 1975 Antipho
1275 1905 1377 1960 ubi
1409 1925 1568 1960 nunc
1601 1905 1729 1961 est?

1707 1999 1859 2055 foris.

338 2099 456 2167 abi,
492 2097 802 2166 Phaedria,
835 2116 975 2153 eum
1005 2099 1243 2165 require
1275 2102 1459 2164 atque
1491 2095 1606 2151 huc
1639 2095 1849 2151 adduc.

1814 2210 1917 2246 eo:

341 2284 508 2333 recta
539 2279 632 2331 via
661 2275 906 2344 quidem
938 2274 1095 2330 illue.

1083 2389 1305 2439 nempe
1334 2369 1411 2425 ad
1446 2369 1832 2438 Pamphilam.

343 2487 458 2537 ego
488 2467 633 2523 deos
663 2470 899 2536 penatis
930 2465 1072 2521 hine
1101 2465 1427 2521 salutatum
1458 2464 1701 2520 domum

344 2563 653 2629 devortar3
697 2561 840 2617 inde
871 2561 970 2616 ibo
999 2560 1076 2616 ad
1107 2559 1303 2616 forum
1332 2567 1515 2628 atque
1545 2558 1785 2628 aliquod
1819 2557 1963 2613 mihi

342 2663 563 2715 amieos
591 2657 894 2713 advocabo
923 2656 999 2711 ad
1031 2656 1184 2710 hane
1216 2675 1343 2710 rem
1374 2658 1474 2723 qui
1506 2654 1762 2723 adsient,

345 2762 415 2811 ut
443 2773 523 2810 ne
551 2756 858 2823 inparatus
887 2754 999 2807 sim
1029 2754 1078 2807 si
1108 2754 1312 2806 veniat
1344 2749 1638 2805 Phormio.

352 2944 523 3001 Itane
548 2946 734 3013 patris
755 2946 840 2998 ais
864 2947 1255 3011 conspectum
1279 2943 1538 2997 veritum
1561 2937 1703 2994 hinc
1728 2939 1978 2994 abiisse?

1719 3102 1935 3159 admod
1944 3123 2054 3158 um.

350 3205 427 3264 86

2145 865 2261 914 300

2153 2373 2265 2423 310
