2352 3724
142 541 183 595 A
195 540 286 597 nti.

143 626 284 679 Geta

142 874 186 928 Α
197 874 287 930 nti.

144 958 284 1012 Gela

145 1041 186 1095 Α
196 1041 288 1096 nti.

143 1124 308 1180 Plzor.

145 1208 286 1263 Geta

143 1374 309 1431 Phor.

146 1458 287 1514 Geta

148 1795 188 1846 ,4
199 1793 290 1848 nti.

148 1875 290 1931 Geta

155 3031 323 3090 Phor.-

157 3115 298 3172 Geta

697 252 939 309 PUBLI
954 253 1053 310 US
1098 254 1569 312 TERENTIUS
1616 256 1832 311 AFER

402 373 511 431 sed
540 377 670 431 isne
702 381 795 430 est
825 394 1007 443 quem
1037 394 1258 444 quaero
1288 395 1366 430 an
1395 376 1557 431 non?
1587 379 1794 446 ipsust.
1871 397 2119 447 congre-

487 457 632 515 dere
662 465 951 513 actutum.

1710 543 1854 611 quid
1885 545 2015 599 est?

404 644 438 680 o
475 628 763 693 omnium,
795 632 1148 693 quantumst
1188 628 1290 694 qui
1330 629 1556 695 vivont,
1596 623 1776 681 homo
1816 626 2127 682 hominum

488 712 884 763 ornatissume
902 709 913 763 l

407 811 545 845 nam
570 794 698 846 sine
720 794 1123 846 controvorsia
1145 792 1221 846 ab
1245 791 1335 846 dis
1361 791 1517 847 solus
1538 791 1810 861 diligere,
1833 791 2120 862 Antipho.

408 878 493 929 ita
515 873 727 938 velim;
751 874 858 930 sed
883 878 983 943 qui
1009 878 1162 930 istuc
1186 875 1427 930 credam
1451 879 1536 930 ita
1560 894 1689 931 esse
1713 875 1861 930 mihi
1886 876 2003 931 dici
2028 876 2224 931 velim.

406 961 599 1013 satine
631 965 725 1014 est
755 961 803 1013 si
833 966 896 1013 te
928 957 1268 1013 delibutum
1298 958 1519 1027 gaudio
1548 958 1774 1013 reddo?

1783 1045 1997 1096 enicas,

401 1127 547 1193 quin
569 1131 637 1180 tu
661 1123 803 1179 hinc
828 1124 1294 1194 pollicitationes
1318 1123 1488 1179 aufer
1512 1131 1576 1179 et
1599 1124 1761 1193 quod
1785 1124 1904 1180 fers
1929 1124 2093 1179 cedo,

2071 1207 2169 1274 oh,

406 1297 476 1346 tu
506 1310 744 1360 quoque
775 1290 1003 1358 aderaS,
1040 1290 1354 1345 Phormio?

1150 1374 1409 1430 aderam.
1458 1373 1566 1430 sed
1595 1381 1661 1430 tu
1695 1375 1924 1430 cessas?

1747 1461 1970 1526 accipe,
2003 1476 2129 1511 em:

409 1549 478 1598 ut
506 1539 686 1597 modo
715 1548 1036 1611 argentum
1068 1542 1178 1596 tibi
1210 1540 1487 1596 dedimus
1517 1540 1679 1609 apud
1719 1539 1933 1608 forum,
1969 1548 2131 1595 recta

492 1625 738 1681 domum

409 1727 612 1764 sumus
631 1707 886 1777 profecti
905 1726 918 1773 ;
937 1711 1172 1763 interea
1184 1710 1376 1762 mittit
1390 1726 1524 1762 erus
1537 1726 1634 1761 me
1648 1706 1724 1761 ad
1738 1726 1982 1761 uxorem
1999 1714 2177 1760 tuam.
2217 1703 2352 1761 8⁴50*

404 1812 583 1861 quam
614 1792 690 1847 ob
720 1792 886 1846 rem?

600 1879 816 1930 omitto
839 1873 1142 1943 proloqui3
1166 1893 1306 1928 nam
1330 1874 1415 1927 nil
1439 1872 1517 1928 ad
1538 1871 1694 1927 hanc
1717 1879 1922 1940 remst,
1945 1872 2228 1940 Antipho.

413 1959 515 2014 ubi
545 1962 607 2012 in
637 1976 1013 2027 gynaeceum
1044 1960 1130 2011 ire
1162 1960 1409 2025 occipiO,
1442 1975 1593 2025 puer
1621 1955 1698 2010 ad
1727 1974 1824 2010 me
1866 1955 2130 2010 adcurrit

498 2041 685 2109 Mida,

415 2143 571 2193 pone
601 2123 924 2193 apprendit
955 2123 1153 2192 palli0,
1185 2125 1526 2190 resupinat:
1558 2125 1830 2190 respiciO,
1861 2141 2006 2188 rogo

415 2226 594 2276 quarn
625 2207 700 2262 ob
730 2226 857 2261 rem
882 2211 1143 2261 retineat
1167 2224 1263 2260 me
1284 2225 1295 2259 :
1326 2209 1412 2260 ait
1436 2223 1565 2259 esse
1590 2208 1846 2260 vetitum
1870 2208 2028 2259 intro
2052 2203 2127 2259 ad

500 2309 663 2344 eram
691 2288 994 2343 accedere.

418 2357 781 2441 “Sophrona
809 2371 926 2425 huc
958 2371 1205 2425 fratrem
1234 2368 1461 2424 modo’'
1488 2372 1686 2438 inquit
1710 2354 1917 2423 “senis
1940 2371 2126 2423 intro-

499 2455 672 2510 duxit
703 2453 1068 2509 Chremem'’

417 2556 677 2606 eumque
721 2556 882 2591 nunc
927 2555 1055 2591 esse
1101 2540 1264 2590 intus
1308 2553 1444 2589 cum
1487 2532 1619 2589 illis.
1708 2531 1822 2588 hoc
1865 2533 1968 2588 ubi
2013 2551 2127 2600 ego

499 2620 717 2688 audivi,
747 2619 824 2674 ad
854 2618 1010 2673 fores

416 2721 704 2772 suspenso
732 2701 922 2770 gradu
952 2700 1186 2770 placide
1217 2703 1302 2754 ire
1333 2701 1586 2767 perrexi,
1615 2700 1863 2764 accessi,
1886 2700 2067 2764 astiti,

416 2789 678 2839 animam
698 2787 1037 2853 compressi,
1051 2801 1256 2837 aurem
1275 2781 1540 2836 admovi:
1570 2783 1655 2835 ita
1672 2783 1938 2834 animum
1957 2781 2124 2844 coepi

499 2867 840 2934 attendere,

417 2951 532 3006 hoc
561 2949 741 3005 modo
771 2967 1110 3005 sermonem
1139 2956 1401 3019 captans.

1324 3051 1420 3101 eu,
1454 3031 1625 3088 Geta.

1535 3115 1630 3170 hic
1660 3112 2121 3184 pulcherrimum

418 3209 494 3261 98
