2404 3704
710 235 754 289 P
765 236 1066 294 UBLIUS
1110 236 1382 294 TEREN
1389 239 1471 294 TI
1483 240 1581 297 US
1626 240 1733 296 AF
1736 240 1843 295 ER

416 357 531 411 nisi
553 374 652 410 me
677 355 856 410 credo
879 355 1019 411 huic
1051 375 1180 413 esse
1204 366 1415 414 natum
1437 363 1545 428 rei,
1570 359 1839 416 ferundis
1862 365 2128 419 miseriis.

417 453 642 518 primus
674 455 870 506 sentio
898 451 1055 506 mala
1092 461 1314 522 nostra,
1344 458 1571 523 primus
1610 459 1863 510 rescisco
1903 461 2132 524 omnia;

416 548 642 613 primus
673 565 847 614 porro
878 548 1203 612 obnuntio;
1234 568 1414 617 aegre
1446 550 1603 606 solus
1635 555 1681 606 si
1714 551 1858 620 quid
1889 551 1955 607 fit
1985 551 2129 608 fero,

153 642 325 712 Syrus
417 643 585 699 rideo
632 644 825 701 hunc:
874 651 1133 715 primum
1181 653 1266 704 ait
1313 669 1377 706 se
1425 654 1607 706 scire:
1653 655 1700 707 is
1745 651 1902 708 solus
1943 657 2138 709 nescit

505 744 719 796 omnia.

157 835 369 891 Demea
419 856 581 891 nune
612 837 826 893 redeo:
860 842 906 894 si
938 838 1093 896 forte
1127 840 1312 897 frater
1341 842 1591 898 redierit
1620 847 1759 900 viSO.

160 932 268 988 Cle.
1771 941 1942 1010 Syre,

420 1029 687 1099 obsecrO,
718 1030 854 1086 vide
886 1051 963 1087 ne
994 1031 1097 1088 ille
1127 1032 1245 1088 hue
1278 1054 1513 1103 prorsus
1545 1055 1608 1091 se
1639 1039 1853 1092 inruat.
2226 1041 2342 1092 550

157 1129 330 1199 Syru-⁹
1724 1140 1907 1192 etiam
1937 1139 2137 1193 taces?

424 1246 537 1295 ego
569 1228 806 1282 cavebo,

161 1325 271 1382 Cle.
528 1347 855 1396 numquam
876 1327 1079 1384 hercle
1095 1328 1274 1385 hodie
1297 1350 1410 1398 ego
1431 1335 1584 1387 istuc
1605 1336 1978 1388 committam
1998 1334 2106 1388 tibi
2127 1351 2140 1398 ;

423 1442 563 1477 nam
592 1443 690 1478 me
721 1428 838 1478 iam
862 1428 925 1479 in
949 1424 1163 1480 cellam
1185 1425 1445 1494 aliquam
1472 1447 1608 1482 eum
1631 1427 1732 1482 illa
1757 1427 2107 1484 concludam
2128 1447 2139 1483 z

506 1518 569 1574 id
599 1523 1058 1576 tutissumumst.

158 1619 329 1688 Syrus
419 1639 554 1689 age,
585 1627 791 1676 tamen
824 1641 937 1690 ego
969 1621 1129 1678 hune
1159 1624 1552 1679 amoveba—

160 1721 373 1777 Demea
1138 1723 1246 1780 sed
1276 1744 1484 1780 eccum
1513 1725 1871 1782 sceleratum
1901 1726 2130 1795 Syrum.

160 1817 330 1887 Syrus
423 1837 545 1872 non
577 1817 780 1873 hercle
813 1817 909 1873 hic
951 1823 1051 1887 qui
1094 1820 1218 1875 volt
1249 1820 1463 1876 durare
1495 1825 1840 1890 quisquam,
1859 1825 1908 1877 si
1938 1826 2020 1877 sic
2051 1823 2137 1889 fit,

508 1921 726 1983 potest.

425 2011 576 2064 scire
619 2009 901 2077 equidem
942 2008 1076 2065 volo
1119 2010 1280 2079 quod
1324 2010 1473 2066 mihi
1517 2015 1640 2067 sint
1683 2011 1942 2068 domini:
1985 2031 2136 2082 quae

509 2102 659 2159 haee
691 2111 784 2160 est
812 2106 1079 2161 miseria!

163 2199 376 2255 Demea
426 2198 572 2268 quid
601 2199 703 2255 ille
733 2201 986 2268 gannit?
1017 2201 1163 2269 quid
1193 2201 1355 2257 volt?
1387 2201 1532 2271 quid
1562 2205 1666 2271 ais,
1699 2203 1854 2258 bone
1885 2203 2009 2258 vir?
2046 2210 2139 2259 est

418 2353 421 2356 ,
509 2294 695 2350 frater
725 2295 923 2350 domi?

161 2390 331 2460 Syrus
422 2390 588 2460 quid,
631 2390 876 2460 malum,
922 2377 959 2402 “
981 2392 1136 2448 bone
1183 2395 1270 2447 vir
1290 2392 1324 2412 ''
1371 2392 1518 2448 mihi
1563 2394 1810 2449 narras?
1854 2393 2131 2462 equidem

508 2490 674 2556 perii.

161 2583 375 2639 Demea
1626 2584 1771 2654 quid
1800 2585 2012 2641 tibist?

159 2679 331 2749 Syrus
422 2679 690 2748 rogitas?
743 2679 1029 2750 Ctesipho
1079 2699 1177 2736 me
1235 2684 1454 2750 pugnis
1512 2684 1796 2736 miserum
1854 2688 1919 2737 et
1960 2684 2136 2736 istam

507 2774 814 2843 psaltriam

422 2889 610 2938 usque
643 2869 877 2924 occidit.

161 2964 370 3019 Demea
788 2963 949 3032 hem,
981 2963 1125 3033 quid
1155 2963 1401 3019 narras?

156 3059 326 3128 Syrus
1197 3077 1316 3127 em,
1347 3058 1483 3115 vide
1515 3066 1583 3115 ut
1612 3057 1855 3114 discidit
1883 3057 2130 3115 labrum.

420 3174 540 3228 274
