2352 3724
768 255 1122 313 PUBLIUS
1166 256 1637 313 TERENTIUS
1682 257 1895 311 AFER

377 383 577 432 tamen
610 380 704 431 vix
737 376 998 432 humane
1029 380 1293 445 patitur3
1337 396 1545 432 verum
1574 380 1622 432 si
1652 396 1902 445 augeam

373 479 479 527 aut
509 476 692 527 etiam
722 471 960 527 adiutor
989 475 1100 527 sim
1131 476 1258 527 eius
1288 470 1650 539 iracundiae,

373 570 663 622 insaniam
694 566 967 636 profecto
997 586 1133 622 cum
1162 566 1281 622 illo.
1372 570 1485 622 etsi
1516 566 1854 623 Aeschinus

373 683 495 717 non
525 662 752 717 nullam
782 666 844 717 in
876 662 986 717 hac
1016 682 1080 718 re
1111 663 1282 716 nobis
1312 661 1457 717 facit
1485 666 1775 717 iniuriam.

376 778 555 827 quam
596 757 694 814 hic
740 778 862 813 non
911 761 1132 813 amavit
1178 761 1583 823 meretricem,
1609 770 1715 819 aut
1753 769 1892 836 quoi
1936 784 2056 820 non

455 854 628 910 dedit

374 950 643 1019 aliquid?
690 958 993 1019 postremo
1025 969 1217 1019 nuper
1248 937 1455 1015 (credo
1485 952 1603 1004 iam
1633 952 1899 1003 omnium
2181 952 2294 1002 150

373 1034 687 1112 taedebat)
718 1045 871 1101 dixit
902 1045 1056 1100 velle
1088 1064 1335 1100 uxorem
1364 1043 1601 1100 ducere.

376 1143 686 1211 sperabam
717 1145 834 1195 iam
865 1139 1190 1196 defervisse
1213 1139 1724 1195 adulescentiam.

373 1237 728 1307 gaudebam.
820 1255 960 1292 ecce
990 1243 1196 1291 autem
1226 1234 1303 1290 de
1334 1235 1608 1304 integro!
1653 1237 1766 1291 nisi
1798 1199 2086 1302 quidquid

458 1339 572 1402 est,

374 1428 508 1484 volo
533 1431 681 1483 scire
701 1435 885 1496 atque
905 1426 1214 1482 hominem
1234 1429 1576 1494 convenire,
1601 1428 1647 1481 si
1671 1423 1832 1494 apud
1855 1422 2124 1479 forumst.

1041 1655 1297 1712 ACTVS
1361 1653 1422 1709 II

107 1767 313 1824 Sannio
373 1767 659 1835 ObsecrO,
696 1764 1031 1835 populares,
1078 1762 1235 1819 ferte
1282 1767 1499 1819 misero
1544 1769 1727 1830 atque
1773 1762 2082 1816 innocenti

452 1861 778 1918 auxilium:

370 1959 687 2015 subvenite
718 1959 898 2026 inopi.

106 2056 154 2111 A
161 2076 230 2112 es,
926 2055 1115 2107 otiose
1141 2070 1152 2105 :
1197 2053 1479 2104 nunciam
1508 2047 1645 2103 ilico
1674 2046 1772 2102 hic
1803 2048 2078 2102 consiste.

369 2149 514 2220 quid
545 2148 890 2219 respectas?
933 2146 1019 2202 nil
1050 2145 1352 2215 periclist:
1397 2162 1743 2212 numquam,
1784 2140 1929 2197 dum
1969 2159 2084 2209 ego

451 2245 654 2313 adem,
684 2243 783 2299 hic
812 2250 876 2299 te
906 2249 1138 2310 tanget.

101 2343 308 2399 Sannio
361 2361 474 2411 ego
504 2344 681 2396 istam
711 2342 914 2394 invitis
944 2337 1220 2393 omnibus
1265 2380 1277 2393 .
1325 2379 1339 2392 .

104 2440 227 2495 Aes,
366 2442 787 2507 quamquamst
825 2433 1134 2501 scelestuS,
1182 2452 1304 2487 non
1347 2432 1688 2487 committet
1728 2426 1907 2483 hodie
1947 2445 2077 2482 um-

449 2552 628 2602 quam
657 2535 878 2587 iterum
907 2536 977 2584 ut
1007 2526 1265 2597 vapulet.

98 2630 306 2687 Sannio
358 2627 683 2696 Aeschine,
713 2625 873 2694 audi,
903 2643 981 2680 ne
1011 2631 1077 2680 te
1105 2627 1382 2693 ignarum
1412 2619 1594 2677 fuisse
1617 2618 1779 2676 dicas
1807 2637 2076 2673 meorum
2171 2612 2283 2672 160

444 2742 677 2779 morum
701 2741 713 2777 :

361 2819 501 2876 leno
530 2837 646 2888 ego
675 2837 822 2874 sum.

48 2959 51 2962 <
97 2918 222 2975 Aea.
671 2916 807 2970 sci0.

95 3013 302 3070 Sannio
717 3015 782 3065 at
803 3011 910 3077 ita,
930 3013 1002 3064 ut
1022 3023 1274 3075 usquam
1295 3002 1413 3059 fuit
1433 3001 1551 3058 fide
1574 3003 1887 3070 quisquam
1908 3003 2169 3068 optuma.

357 3116 424 3163 tu
449 3105 610 3176 quod
631 3112 697 3162 te
718 3105 1015 3174 posterius
1037 3118 1279 3171 purges,
1300 3097 1458 3154 hanc
1478 3098 1756 3152 iniuriam
1777 3092 1925 3149 mihi
1947 3091 2109 3147 nolle

357 3195 476 3246 230
