<?xml version="1.0" encoding="UTF-8"?>
<!DOCTYPE html PUBLIC "-//W3C//DTD XHTML 1.0 Transitional//EN"
    "http://www.w3.org/TR/xhtml1/DTD/xhtml1-transitional.dtd">
<html xmlns="http://www.w3.org/1999/xhtml" xml:lang="en" lang="en">
 <head>
  <title>
</title>
<meta http-equiv="Content-Type" content="text/html;charset=utf-8" />
  <meta name='ocr-system' content='tesseract 3.04.00' />
  <meta name='ocr-capabilities' content='ocr_page ocr_carea ocr_par ocr_line ocrx_word'/>
</head>
<body>
  <div class='ocr_page' id='page_1' title='image "./terence00tereuoft_0098.png"; bbox 0 0 2352 3724; ppageno 0'>
   <div class='ocr_carea' id='block_1_1' title="bbox 670 234 1802 294">
    <p class='ocr_par' dir='ltr' id='par_1_1' title="bbox 670 234 1802 294">
     <span class='ocr_line' id='line_1_1' title="bbox 670 234 1802 294; baseline -0.003 -2"><span class='ocrx_word' id='word_1_1' title='bbox 670 237 1025 294; x_wconf 91' lang='lat' dir='ltr'>PUBLIUS</span> <span class='ocrx_word' id='word_1_2' title='bbox 1070 235 1539 292; x_wconf 85' lang='lat' dir='ltr'>TERENTIUS</span> <span class='ocrx_word' id='word_1_3' title='bbox 1585 234 1802 289; x_wconf 84' lang='lat' dir='ltr'><strong>AFER</strong></span> 
     </span>
    </p>
   </div>
   <div class='ocr_carea' id='block_1_2' title="bbox 377 352 2096 846">
    <p class='ocr_par' dir='ltr' id='par_1_2' title="bbox 377 352 2090 429">
     <span class='ocr_line' id='line_1_2' title="bbox 377 352 2090 429; baseline -0.004 -15"><span class='ocrx_word' id='word_1_4' title='bbox 377 357 523 429; x_wconf 89' lang='lat' dir='ltr'><strong>quid</strong></span> <span class='ocrx_word' id='word_1_5' title='bbox 547 357 690 414; x_wconf 88' lang='lat' dir='ltr'><strong>fiet?</strong></span> <span class='ocrx_word' id='word_1_6' title='bbox 735 362 799 413; x_wconf 90' lang='lat' dir='ltr'><strong>in</strong></span> <span class='ocrx_word' id='word_1_7' title='bbox 824 358 1039 414; x_wconf 91' lang='lat' dir='ltr'><strong>eodem</strong></span> <span class='ocrx_word' id='word_1_8' title='bbox 1066 358 1195 413; x_wconf 86' lang='lat' dir='ltr'><strong>luto</strong></span> <span class='ocrx_word' id='word_1_9' title='bbox 1220 357 1510 423; x_wconf 87' lang='lat' dir='ltr'><strong>haesitas;</strong></span> <span class='ocrx_word' id='word_1_10' title='bbox 1554 375 1857 411; x_wconf 87' lang='lat' dir='ltr'><strong>vorsuram</strong></span> <span class='ocrx_word' id='word_1_11' title='bbox 1881 352 2090 421; x_wconf 85' lang='lat' dir='ltr'><strong>solveS,</strong></span> 
     </span>
    </p>

    <p class='ocr_par' dir='ltr' id='par_1_3' title="bbox 382 461 2096 642">
     <span class='ocr_line' id='line_1_3' title="bbox 382 461 2096 535; baseline -0.004 -13"><span class='ocrx_word' id='word_1_12' title='bbox 382 466 571 522; x_wconf 88' lang='lat' dir='ltr'><strong>Geta:</strong></span> <span class='ocrx_word' id='word_1_13' title='bbox 616 485 900 535; x_wconf 85' lang='lat' dir='ltr'><strong>praesens</strong></span> <span class='ocrx_word' id='word_1_14' title='bbox 931 465 1093 534; x_wconf 90' lang='lat' dir='ltr'><strong>quod</strong></span> <span class='ocrx_word' id='word_1_15' title='bbox 1123 463 1322 520; x_wconf 91' lang='lat' dir='ltr'><strong>fuerat</strong></span> <span class='ocrx_word' id='word_1_16' title='bbox 1355 463 1581 518; x_wconf 89' lang='lat' dir='ltr'><strong>malum</strong></span> <span class='ocrx_word' id='word_1_17' title='bbox 1617 466 1679 517; x_wconf 92' lang='lat' dir='ltr'><strong>in</strong></span> <span class='ocrx_word' id='word_1_18' title='bbox 1717 462 1880 517; x_wconf 91' lang='lat' dir='ltr'><strong>diem</strong></span> <span class='ocrx_word' id='word_1_19' title='bbox 1916 461 2096 516; x_wconf 85' lang='lat' dir='ltr'><strong>abiit:</strong></span> 
     </span>
     <span class='ocr_line' id='line_1_4' title="bbox 463 572 1028 642; baseline -0.002 -14"><span class='ocrx_word' id='word_1_20' title='bbox 463 572 697 642; x_wconf 85' lang='lat' dir='ltr'>plagae,</span> <span class='ocrx_word' id='word_1_21' title='bbox 731 579 1028 641; x_wconf 84' lang='lat' dir='ltr'><strong>creseunt,</strong></span> 
     </span>
    </p>

    <p class='ocr_par' dir='ltr' id='par_1_4' title="bbox 378 677 2096 846">
     <span class='ocr_line' id='line_1_5' title="bbox 378 677 2096 751; baseline -0.003 -14"><span class='ocrx_word' id='word_1_22' title='bbox 378 685 492 738; x_wconf 91' lang='lat' dir='ltr'><strong>nisi</strong></span> <span class='ocrx_word' id='word_1_23' title='bbox 522 685 824 751; x_wconf 69' lang='lat' dir='ltr'><strong>prospieis</strong></span> <span class='ocrx_word' id='word_1_24' title='bbox 901 700 1063 736; x_wconf 86' lang='lat' dir='ltr'><strong>nune</strong></span> <span class='ocrx_word' id='word_1_25' title='bbox 1094 679 1236 735; x_wconf 89' lang='lat' dir='ltr'><strong>hinc</strong></span> <span class='ocrx_word' id='word_1_26' title='bbox 1277 679 1522 735; x_wconf 92' lang='lat' dir='ltr'><strong>domum</strong></span> <span class='ocrx_word' id='word_1_27' title='bbox 1560 680 1659 734; x_wconf 91' lang='lat' dir='ltr'><strong>ibo</strong></span> <span class='ocrx_word' id='word_1_28' title='bbox 1695 698 1763 733; x_wconf 90' lang='lat' dir='ltr'><strong>ac</strong></span> <span class='ocrx_word' id='word_1_29' title='bbox 1804 677 2096 732; x_wconf 91' lang='lat' dir='ltr'><strong>Phanium</strong></span> 
     </span>
     <span class='ocr_line' id='line_1_6' title="bbox 447 789 715 846; baseline -0.004 0"><span class='ocrx_word' id='word_1_30' title='bbox 447 789 715 846; x_wconf 86' lang='lat' dir='ltr'>edocebo</span> 
     </span>
    </p>
   </div>
   <div class='ocr_carea' id='block_1_3' title="bbox 378 894 2091 968">
    <p class='ocr_par' dir='ltr' id='par_1_5' title="bbox 378 894 2091 968">
     <span class='ocr_line' id='line_1_7' title="bbox 378 894 2091 968; baseline -0.003 -15"><span class='ocrx_word' id='word_1_31' title='bbox 378 918 456 954; x_wconf 91' lang='lat' dir='ltr'><strong>ne</strong></span> <span class='ocrx_word' id='word_1_32' title='bbox 487 897 633 968; x_wconf 88' lang='lat' dir='ltr'><strong>quid</strong></span> <span class='ocrx_word' id='word_1_33' title='bbox 662 904 942 953; x_wconf 77' lang='lat' dir='ltr'><strong>vereatur</strong></span> <span class='ocrx_word' id='word_1_34' title='bbox 973 895 1396 952; x_wconf 89' lang='lat' dir='ltr'><strong>Phormionem</strong></span> <span class='ocrx_word' id='word_1_35' title='bbox 1418 903 1523 951; x_wconf 91' lang='lat' dir='ltr'><strong>aut</strong></span> <span class='ocrx_word' id='word_1_36' title='bbox 1546 894 1721 950; x_wconf 90' lang='lat' dir='ltr'><strong>huius</strong></span> <span class='ocrx_word' id='word_1_37' title='bbox 1745 897 2091 950; x_wconf 89' lang='lat' dir='ltr'><strong>orationem.</strong></span> 
     </span>
    </p>
   </div>
   <div class='ocr_carea' id='block_1_4' title="bbox 123 1001 2097 1075">
    <p class='ocr_par' dir='ltr' id='par_1_6' title="bbox 123 1001 2097 1075">
     <span class='ocr_line' id='line_1_8' title="bbox 123 1001 2097 1075; baseline -0.004 -12"><span class='ocrx_word' id='word_1_38' title='bbox 123 1007 299 1063; x_wconf 86' lang='lat' dir='ltr'><strong>Demz.</strong></span> <span class='ocrx_word' id='word_1_39' title='bbox 366 1006 498 1075; x_wconf 88' lang='lat' dir='ltr'><strong>Age</strong></span> <span class='ocrx_word' id='word_1_40' title='bbox 530 1005 695 1075; x_wconf 91' lang='lat' dir='ltr'><strong>dum,</strong></span> <span class='ocrx_word' id='word_1_41' title='bbox 727 1012 798 1061; x_wconf 92' lang='lat' dir='ltr'><strong>ut</strong></span> <span class='ocrx_word' id='word_1_42' title='bbox 828 1004 1002 1074; x_wconf 85' lang='lat' dir='ltr'><strong>soleS,</strong></span> <span class='ocrx_word' id='word_1_43' title='bbox 1036 1004 1433 1072; x_wconf 75' lang='lat' dir='ltr'><strong>Nausistrata,</strong></span> <span class='ocrx_word' id='word_1_44' title='bbox 1466 1002 1559 1058; x_wconf 83' lang='lat' dir='ltr'><strong>fac</strong></span> <span class='ocrx_word' id='word_1_45' title='bbox 1590 1002 1692 1056; x_wconf 89' lang='lat' dir='ltr'><strong>illa</strong></span> <span class='ocrx_word' id='word_1_46' title='bbox 1721 1009 1791 1057; x_wconf 93' lang='lat' dir='ltr'><strong>ut</strong></span> <span class='ocrx_word' id='word_1_47' title='bbox 1826 1001 2097 1071; x_wconf 85' lang='lat' dir='ltr'><strong>placetur</strong></span> 
     </span>
    </p>
   </div>
   <div class='ocr_carea' id='block_1_5' title="bbox 120 1114 256 1171">
    <p class='ocr_par' dir='ltr' id='par_1_7' title="bbox 120 1114 256 1171">
     <span class='ocr_line' id='line_1_9' title="bbox 120 1114 256 1171; baseline 0 -2"><span class='ocrx_word' id='word_1_48' title='bbox 120 1114 256 1171; x_wconf 89' lang='lat' dir='ltr'><strong>V.iii</strong></span> 
     </span>
    </p>
   </div>
   <div class='ocr_carea' id='block_1_6' title="bbox 120 1329 301 1494">
    <p class='ocr_par' dir='ltr' id='par_1_8' title="bbox 120 1329 301 1494">
     <span class='ocr_line' id='line_1_10' title="bbox 120 1329 269 1387; baseline -0.007 0"><span class='ocrx_word' id='word_1_49' title='bbox 120 1329 185 1387; x_wconf 92' lang='grc' dir='ltr'><em>Ν</em></span> <span class='ocrx_word' id='word_1_50' title='bbox 182 1351 269 1387; x_wconf 84' lang='lat' dir='ltr'><strong>au.</strong></span> 
     </span>
     <span class='ocr_line' id='line_1_11' title="bbox 121 1438 301 1494; baseline -0.006 -1"><span class='ocrx_word' id='word_1_51' title='bbox 121 1438 301 1494; x_wconf 83' lang='lat' dir='ltr'><strong>Demi.</strong></span> 
     </span>
    </p>
   </div>
   <div class='ocr_carea' id='block_1_7' title="bbox 121 1641 270 1698">
    <p class='ocr_par' dir='ltr' id='par_1_9' title="bbox 121 1641 270 1698">
     <span class='ocr_line' id='line_1_12' title="bbox 121 1641 270 1698; baseline -0.007 0"><span class='ocrx_word' id='word_1_52' title='bbox 121 1641 270 1698; x_wconf 82' lang='lat' dir='ltr'><strong>Nau.</strong></span> 
     </span>
    </p>
   </div>
   <div class='ocr_carea' id='block_1_8' title="bbox 121 1832 305 1890">
    <p class='ocr_par' dir='ltr' id='par_1_10' title="bbox 121 1832 305 1890">
     <span class='ocr_line' id='line_1_13' title="bbox 121 1832 305 1890; baseline -0.016 1"><span class='ocrx_word' id='word_1_53' title='bbox 121 1832 305 1890; x_wconf 80' lang='lat' dir='ltr'><strong>Demi.</strong></span> 
     </span>
    </p>
   </div>
   <div class='ocr_carea' id='block_1_9' title="bbox 123 1928 272 1985">
    <p class='ocr_par' dir='ltr' id='par_1_11' title="bbox 123 1928 272 1985">
     <span class='ocr_line' id='line_1_14' title="bbox 123 1928 272 1985; baseline 0 0"><span class='ocrx_word' id='word_1_54' title='bbox 123 1928 272 1985; x_wconf 82' lang='lat' dir='ltr'><strong>Nau.</strong></span> 
     </span>
    </p>
   </div>
   <div class='ocr_carea' id='block_1_10' title="bbox 124 2215 307 2272">
    <p class='ocr_par' dir='ltr' id='par_1_12' title="bbox 124 2215 307 2272">
     <span class='ocr_line' id='line_1_15' title="bbox 124 2215 307 2272; baseline -0.011 0"><span class='ocrx_word' id='word_1_55' title='bbox 124 2215 307 2272; x_wconf 83' lang='lat' dir='ltr'><strong>Demi.</strong></span> 
     </span>
    </p>
   </div>
   <div class='ocr_carea' id='block_1_11' title="bbox 124 2310 274 2367">
    <p class='ocr_par' dir='ltr' id='par_1_13' title="bbox 124 2310 274 2367">
     <span class='ocr_line' id='line_1_16' title="bbox 124 2310 274 2367; baseline -0.007 0"><span class='ocrx_word' id='word_1_56' title='bbox 124 2310 190 2367; x_wconf 89' lang='lat' dir='ltr'><em>N</em></span> <span class='ocrx_word' id='word_1_57' title='bbox 187 2331 274 2366; x_wconf 79' lang='lat' dir='ltr'><strong>au.</strong></span> 
     </span>
    </p>
   </div>
   <div class='ocr_carea' id='block_1_12' title="bbox 125 2405 307 2462">
    <p class='ocr_par' dir='ltr' id='par_1_14' title="bbox 125 2405 307 2462">
     <span class='ocr_line' id='line_1_17' title="bbox 125 2405 307 2462; baseline 0 -1"><span class='ocrx_word' id='word_1_58' title='bbox 125 2405 307 2462; x_wconf 81' lang='lat' dir='ltr'><strong>Demi.</strong></span> 
     </span>
    </p>
   </div>
   <div class='ocr_carea' id='block_1_13' title="bbox 134 2501 275 2557">
    <p class='ocr_par' dir='ltr' id='par_1_15' title="bbox 134 2501 275 2557">
     <span class='ocr_line' id='line_1_18' title="bbox 134 2501 275 2557; baseline -0.007 0"><span class='ocrx_word' id='word_1_59' title='bbox 134 2501 275 2557; x_wconf 85' lang='lat' dir='ltr'><strong>Nau.</strong></span> 
     </span>
    </p>
   </div>
   <div class='ocr_carea' id='block_1_14' title="bbox 126 2595 308 2655">
    <p class='ocr_par' dir='ltr' id='par_1_16' title="bbox 126 2595 308 2655">
     <span class='ocr_line' id='line_1_19' title="bbox 126 2595 308 2655; baseline -0.022 0"><span class='ocrx_word' id='word_1_60' title='bbox 126 2595 308 2655; x_wconf 83' lang='lat' dir='ltr'><strong>Demi.</strong></span> 
     </span>
    </p>
   </div>
   <div class='ocr_carea' id='block_1_15' title="bbox 128 2690 275 2748">
    <p class='ocr_par' dir='ltr' id='par_1_17' title="bbox 128 2690 275 2748">
     <span class='ocr_line' id='line_1_20' title="bbox 128 2690 275 2748; baseline 0 0"><span class='ocrx_word' id='word_1_61' title='bbox 128 2690 193 2748; x_wconf 91' lang='lat' dir='ltr'><em>N</em></span> <span class='ocrx_word' id='word_1_62' title='bbox 189 2712 275 2748; x_wconf 80' lang='lat' dir='ltr'><strong>au.</strong></span> 
     </span>
    </p>
   </div>
   <div class='ocr_carea' id='block_1_16' title="bbox 131 2881 311 2938">
    <p class='ocr_par' dir='ltr' id='par_1_18' title="bbox 131 2881 311 2938">
     <span class='ocr_line' id='line_1_21' title="bbox 131 2881 311 2938; baseline 0 0"><span class='ocrx_word' id='word_1_63' title='bbox 131 2881 311 2938; x_wconf 81' lang='lat' dir='ltr'><strong>Demi.</strong></span> 
     </span>
    </p>
   </div>
   <div class='ocr_carea' id='block_1_17' title="bbox 129 2978 276 3035">
    <p class='ocr_par' dir='ltr' id='par_1_19' title="bbox 129 2978 276 3035">
     <span class='ocr_line' id='line_1_22' title="bbox 129 2978 276 3035; baseline -0.007 0"><span class='ocrx_word' id='word_1_64' title='bbox 129 2978 276 3035; x_wconf 84' lang='lat' dir='ltr'><strong>Nau.</strong></span> 
     </span>
    </p>
   </div>
   <div class='ocr_carea' id='block_1_18' title="bbox 127 3072 308 3130">
    <p class='ocr_par' dir='ltr' id='par_1_20' title="bbox 127 3072 308 3130">
     <span class='ocr_line' id='line_1_23' title="bbox 127 3072 308 3130; baseline -0.011 0"><span class='ocrx_word' id='word_1_65' title='bbox 127 3072 308 3130; x_wconf 86' lang='lat' dir='ltr'><strong>Demi.</strong></span> 
     </span>
    </p>
   </div>
   <div class='ocr_carea' id='block_1_19' title="bbox 384 1113 1951 1290">
    <p class='ocr_par' dir='ltr' id='par_1_21' title="bbox 384 1113 1951 1290">
     <span class='ocr_line' id='line_1_24' title="bbox 461 1113 654 1183; baseline 0.005 -14"><span class='ocrx_word' id='word_1_66' title='bbox 461 1113 654 1183; x_wconf 79' lang='lat' dir='ltr'><strong>nobiS,</strong></span> 
     </span>
     <span class='ocr_line' id='line_1_25' title="bbox 384 1216 1951 1290; baseline -0.004 -12"><span class='ocrx_word' id='word_1_67' title='bbox 384 1230 453 1278; x_wconf 91' lang='lat' dir='ltr'><strong>ut</strong></span> <span class='ocrx_word' id='word_1_68' title='bbox 485 1242 589 1278; x_wconf 91' lang='lat' dir='ltr'><strong>sua</strong></span> <span class='ocrx_word' id='word_1_69' title='bbox 619 1219 934 1278; x_wconf 88' lang='lat' dir='ltr'><strong>voluntate</strong></span> <span class='ocrx_word' id='word_1_70' title='bbox 965 1219 1027 1276; x_wconf 89' lang='lat' dir='ltr'><strong>id</strong></span> <span class='ocrx_word' id='word_1_71' title='bbox 1059 1219 1221 1290; x_wconf 91' lang='lat' dir='ltr'><strong>quod</strong></span> <span class='ocrx_word' id='word_1_72' title='bbox 1254 1227 1346 1276; x_wconf 89' lang='lat' dir='ltr'><strong>est</strong></span> <span class='ocrx_word' id='word_1_73' title='bbox 1377 1217 1726 1273; x_wconf 83' lang='lat' dir='ltr'><strong>faciundum</strong></span> <span class='ocrx_word' id='word_1_74' title='bbox 1756 1216 1951 1272; x_wconf 86' lang='lat' dir='ltr'><strong>faciat.</strong></span> 
     </span>
    </p>
   </div>
   <div class='ocr_carea' id='block_1_20' title="bbox 1866 1324 2095 1381">
    <p class='ocr_par' dir='ltr' id='par_1_22' title="bbox 1866 1324 2095 1381">
     <span class='ocr_line' id='line_1_26' title="bbox 1866 1324 2095 1381; baseline 0.004 -1"><span class='ocrx_word' id='word_1_75' title='bbox 1866 1324 2095 1381; x_wconf 83' lang='lat' dir='ltr'><strong>faciam.</strong></span> 
     </span>
    </p>
   </div>
   <div class='ocr_carea' id='block_1_21' title="bbox 386 1432 2117 1507">
    <p class='ocr_par' dir='ltr' id='par_1_23' title="bbox 386 1432 2117 1507">
     <span class='ocr_line' id='line_1_27' title="bbox 386 1432 2117 1507; baseline -0.003 -15"><span class='ocrx_word' id='word_1_76' title='bbox 386 1441 611 1507; x_wconf 87' lang='lat' dir='ltr'><strong>pariter</strong></span> <span class='ocrx_word' id='word_1_77' title='bbox 639 1456 801 1493; x_wconf 85' lang='lat' dir='ltr'><strong>nunc</strong></span> <span class='ocrx_word' id='word_1_78' title='bbox 832 1455 1014 1506; x_wconf 88' lang='lat' dir='ltr'><strong>opera</strong></span> <span class='ocrx_word' id='word_1_79' title='bbox 1043 1455 1141 1491; x_wconf 91' lang='lat' dir='ltr'><strong>me</strong></span> <span class='ocrx_word' id='word_1_80' title='bbox 1171 1434 1435 1503; x_wconf 84' lang='lat' dir='ltr'><strong>adiuves,</strong></span> <span class='ocrx_word' id='word_1_81' title='bbox 1467 1453 1536 1489; x_wconf 87' lang='lat' dir='ltr'><strong>ac</strong></span> <span class='ocrx_word' id='word_1_82' title='bbox 1565 1453 1630 1489; x_wconf 90' lang='lat' dir='ltr'><strong>re</strong></span> <span class='ocrx_word' id='word_1_83' title='bbox 1663 1432 1892 1489; x_wconf 89' lang='lat' dir='ltr'><strong>dudum</strong></span> <span class='ocrx_word' id='word_1_84' title='bbox 1923 1435 2117 1502; x_wconf 88' lang='lat' dir='ltr'><strong>opitu-</strong></span> 
     </span>
    </p>
   </div>
   <div class='ocr_carea' id='block_1_22' title="bbox 387 1546 2101 3224">
    <p class='ocr_par' dir='ltr' id='par_1_24' title="bbox 387 1546 2101 3224">
     <span class='ocr_line' id='line_1_28' title="bbox 466 1546 698 1601; baseline 0 0"><span class='ocrx_word' id='word_1_85' title='bbox 466 1546 590 1601; x_wconf 85' lang='lat' dir='ltr'><strong>lata</strong></span> <span class='ocrx_word' id='word_1_86' title='bbox 619 1564 698 1601; x_wconf 77' lang='lat' dir='ltr'><strong>es,</strong></span> 
     </span>
     <span class='ocr_line' id='line_1_29' title="bbox 388 1636 2096 1709; baseline -0.004 -12"><span class='ocrx_word' id='word_1_87' title='bbox 388 1641 616 1697; x_wconf 87' lang='lat' dir='ltr'><strong>factum</strong></span> <span class='ocrx_word' id='word_1_88' title='bbox 646 1640 795 1696; x_wconf 87' lang='lat' dir='ltr'><strong>volo.</strong></span> <span class='ocrx_word' id='word_1_89' title='bbox 873 1659 941 1695; x_wconf 90' lang='lat' dir='ltr'><strong>ac</strong></span> <span class='ocrx_word' id='word_1_90' title='bbox 981 1639 1082 1709; x_wconf 92' lang='lat' dir='ltr'><strong>pol</strong></span> <span class='ocrx_word' id='word_1_91' title='bbox 1121 1642 1319 1694; x_wconf 90' lang='lat' dir='ltr'><strong>minus</strong></span> <span class='ocrx_word' id='word_1_92' title='bbox 1360 1656 1515 1707; x_wconf 91' lang='lat' dir='ltr'><strong>queo</strong></span> <span class='ocrx_word' id='word_1_93' title='bbox 1555 1641 1664 1693; x_wconf 92' lang='lat' dir='ltr'><strong>viri</strong></span> <span class='ocrx_word' id='word_1_94' title='bbox 1705 1636 1880 1706; x_wconf 87' lang='lat' dir='ltr'><strong>culpa</strong></span> <span class='ocrx_word' id='word_1_95' title='bbox 1920 1655 2096 1705; x_wconf 87' lang='lat' dir='ltr'><strong>quam</strong></span> 
     </span>
     <span class='ocr_line' id='line_1_30' title="bbox 466 1736 923 1805; baseline -0.002 -13"><span class='ocrx_word' id='word_1_96' title='bbox 466 1756 565 1792; x_wconf 93' lang='lat' dir='ltr'><strong>me</strong></span> <span class='ocrx_word' id='word_1_97' title='bbox 597 1736 923 1805; x_wconf 88' lang='lat' dir='ltr'><strong>dignumst.</strong></span> 
     </span>
     <span class='ocr_line' id='line_1_31' title="bbox 387 1831 812 1901; baseline -0.005 -13"><span class='ocrx_word' id='word_1_98' title='bbox 387 1831 532 1901; x_wconf 90' lang='lat' dir='ltr'><strong>quid</strong></span> <span class='ocrx_word' id='word_1_99' title='bbox 562 1839 768 1888; x_wconf 86' lang='lat' dir='ltr'><strong>autem</strong></span> <span class='ocrx_word' id='word_1_100' title='bbox 791 1832 812 1886; x_wconf 90' lang='lat'>?</span> 
     </span>
     <span class='ocr_line' id='line_1_32' title="bbox 655 1923 2101 1997; baseline -0.003 -15"><span class='ocrx_word' id='word_1_101' title='bbox 655 1931 794 1997; x_wconf 86' lang='lat' dir='ltr'><strong>quia</strong></span> <span class='ocrx_word' id='word_1_102' title='bbox 824 1926 924 1996; x_wconf 94' lang='lat' dir='ltr'><strong>pol</strong></span> <span class='ocrx_word' id='word_1_103' title='bbox 954 1930 1074 1982; x_wconf 93' lang='lat' dir='ltr'><strong>mei</strong></span> <span class='ocrx_word' id='word_1_104' title='bbox 1105 1929 1291 1996; x_wconf 87' lang='lat' dir='ltr'><strong>patris</strong></span> <span class='ocrx_word' id='word_1_105' title='bbox 1321 1926 1479 1981; x_wconf 89' lang='lat' dir='ltr'><strong>bene</strong></span> <span class='ocrx_word' id='word_1_106' title='bbox 1509 1931 1680 1994; x_wconf 90' lang='lat' dir='ltr'><strong>parta</strong></span> <span class='ocrx_word' id='word_1_107' title='bbox 1709 1923 2101 1992; x_wconf 87' lang='lat' dir='ltr'><strong>indiligenter</strong></span> 
     </span>
     <span class='ocr_line' id='line_1_33' title="bbox 387 2019 2050 2091; baseline -0.003 -12"><span class='ocrx_word' id='word_1_108' title='bbox 387 2031 623 2080; x_wconf 85' lang='lat' dir='ltr'><strong>tutatur</strong></span> <span class='ocrx_word' id='word_1_109' title='bbox 640 2043 653 2090; x_wconf 93' lang='lat'>;</span> <span class='ocrx_word' id='word_1_110' title='bbox 698 2042 837 2077; x_wconf 90' lang='lat' dir='ltr'><strong>nam</strong></span> <span class='ocrx_word' id='word_1_111' title='bbox 870 2042 943 2077; x_wconf 86' lang='lat' dir='ltr'><strong>ex</strong></span> <span class='ocrx_word' id='word_1_112' title='bbox 977 2025 1061 2077; x_wconf 90' lang='lat' dir='ltr'><strong>eis</strong></span> <span class='ocrx_word' id='word_1_113' title='bbox 1091 2021 1350 2091; x_wconf 86' lang='lat' dir='ltr'><strong>praediis</strong></span> <span class='ocrx_word' id='word_1_114' title='bbox 1381 2019 1614 2076; x_wconf 89' lang='lat' dir='ltr'><strong>talenta</strong></span> <span class='ocrx_word' id='word_1_115' title='bbox 1642 2023 1880 2087; x_wconf 85' lang='lat' dir='ltr'><strong>argenti</strong></span> <span class='ocrx_word' id='word_1_116' title='bbox 1910 2019 2050 2074; x_wconf 85' lang='lat' dir='ltr'><strong>bina</strong></span> 
     </span>
     <span class='ocr_line' id='line_1_34' title="bbox 389 2115 1722 2188; baseline -0.004 -13"><span class='ocrx_word' id='word_1_117' title='bbox 389 2122 595 2175; x_wconf 85' lang='lat' dir='ltr'><strong>statim</strong></span> <span class='ocrx_word' id='word_1_118' title='bbox 626 2119 933 2188; x_wconf 89' lang='lat' dir='ltr'><strong>capiebat:</strong></span> <span class='ocrx_word' id='word_1_119' title='bbox 978 2121 1067 2172; x_wconf 90' lang='lat' dir='ltr'><strong>vir</strong></span> <span class='ocrx_word' id='word_1_120' title='bbox 1096 2120 1222 2172; x_wconf 86' lang='lat' dir='ltr'><strong>viro</strong></span> <span class='ocrx_word' id='word_1_121' title='bbox 1252 2115 1398 2186; x_wconf 91' lang='lat' dir='ltr'><strong>quid</strong></span> <span class='ocrx_word' id='word_1_122' title='bbox 1426 2115 1722 2185; x_wconf 85' lang='lat' dir='ltr'><strong>praestat!</strong></span> 
     </span>
     <span class='ocr_line' id='line_1_35' title="bbox 1631 2209 2099 2278; baseline -0.002 -13"><span class='ocrx_word' id='word_1_123' title='bbox 1631 2211 1810 2265; x_wconf 90' lang='lat' dir='ltr'><strong>binan</strong></span> <span class='ocrx_word' id='word_1_124' title='bbox 1845 2209 2099 2278; x_wconf 86' lang='lat' dir='ltr'><strong>quaeso?</strong></span> 
     </span>
     <span class='ocr_line' id='line_1_36' title="bbox 391 2305 1704 2377; baseline -0.005 -11"><span class='ocrx_word' id='word_1_125' title='bbox 391 2330 459 2365; x_wconf 87' lang='lat' dir='ltr'><strong>ac</strong></span> <span class='ocrx_word' id='word_1_126' title='bbox 489 2309 668 2366; x_wconf 90' lang='lat' dir='ltr'><strong>rebus</strong></span> <span class='ocrx_word' id='word_1_127' title='bbox 698 2308 1020 2377; x_wconf 85' lang='lat' dir='ltr'><strong>vilioribuS,</strong></span> <span class='ocrx_word' id='word_1_128' title='bbox 1053 2314 1258 2363; x_wconf 87' lang='lat' dir='ltr'><strong>tamen</strong></span> <span class='ocrx_word' id='word_1_129' title='bbox 1288 2305 1521 2362; x_wconf 86' lang='lat' dir='ltr'><strong>talenta</strong></span> <span class='ocrx_word' id='word_1_130' title='bbox 1550 2305 1704 2361; x_wconf 87' lang='lat' dir='ltr'><strong>bina.</strong></span> 
     </span>
     <span class='ocr_line' id='line_1_37' title="bbox 1710 2399 1830 2456; baseline 0.008 -1"><span class='ocrx_word' id='word_1_131' title='bbox 1710 2399 1830 2456; x_wconf 88' lang='lat' dir='ltr'><strong>hui.</strong></span> 
     </span>
     <span class='ocr_line' id='line_1_38' title="bbox 394 2497 1070 2569; baseline -0.003 -14"><span class='ocrx_word' id='word_1_132' title='bbox 394 2498 540 2569; x_wconf 91' lang='lat' dir='ltr'><strong>quid</strong></span> <span class='ocrx_word' id='word_1_133' title='bbox 568 2497 719 2556; x_wconf 87' lang='lat' dir='ltr'><strong>haec</strong></span> <span class='ocrx_word' id='word_1_134' title='bbox 749 2498 1070 2555; x_wconf 87' lang='lat' dir='ltr'><strong>videntur?</strong></span> 
     </span>
     <span class='ocr_line' id='line_1_39' title="bbox 1023 2592 1267 2649; baseline -0.004 0"><span class='ocrx_word' id='word_1_135' title='bbox 1023 2592 1267 2649; x_wconf 83' lang='lat' dir='ltr'><strong>scilicet.</strong></span> 
     </span>
     <span class='ocr_line' id='line_1_40' title="bbox 1258 2684 2100 2743; baseline -0.002 -1"><span class='ocrx_word' id='word_1_136' title='bbox 1258 2691 1448 2743; x_wconf 89' lang='lat' dir='ltr'><strong>virum</strong></span> <span class='ocrx_word' id='word_1_137' title='bbox 1481 2705 1580 2742; x_wconf 91' lang='lat' dir='ltr'><strong>me</strong></span> <span class='ocrx_word' id='word_1_138' title='bbox 1610 2692 1821 2742; x_wconf 89' lang='lat' dir='ltr'><strong>natum</strong></span> <span class='ocrx_word' id='word_1_139' title='bbox 1850 2684 2100 2742; x_wconf 89' lang='lat' dir='ltr'><strong>vellem:</strong></span> 
     </span>
     <span class='ocr_line' id='line_1_41' title="bbox 393 2783 1004 2856; baseline -0.005 -13"><span class='ocrx_word' id='word_1_140' title='bbox 393 2805 507 2856; x_wconf 86' lang='lat' dir='ltr'><strong>ego</strong></span> <span class='ocrx_word' id='word_1_141' title='bbox 537 2783 1004 2843; x_wconf 87' lang='lat' dir='ltr'><strong>ostenderem—-</strong></span> 
     </span>
     <span class='ocr_line' id='line_1_42' title="bbox 977 2881 1308 2934; baseline -0.003 -1"><span class='ocrx_word' id='word_1_142' title='bbox 977 2885 1143 2934; x_wconf 88' lang='lat' dir='ltr'><strong>certo</strong></span> <span class='ocrx_word' id='word_1_143' title='bbox 1173 2881 1308 2933; x_wconf 80' lang='lat' dir='ltr'><strong>scio,</strong></span> 
     </span>
     <span class='ocr_line' id='line_1_43' title="bbox 1293 2978 1700 3041; baseline -0.002 -14"><span class='ocrx_word' id='word_1_144' title='bbox 1293 2991 1410 3040; x_wconf 90' lang='lat' dir='ltr'><strong>quo</strong></span> <span class='ocrx_word' id='word_1_145' title='bbox 1441 2978 1700 3041; x_wconf 85' lang='lat' dir='ltr'><strong>pacto——</strong></span> 
     </span>
     <span class='ocr_line' id='line_1_44' title="bbox 1700 3065 2096 3135; baseline 0.003 -15"><span class='ocrx_word' id='word_1_146' title='bbox 1700 3086 1874 3135; x_wconf 87' lang='lat' dir='ltr'><strong>parce</strong></span> <span class='ocrx_word' id='word_1_147' title='bbox 1905 3065 2096 3134; x_wconf 77' lang='lat' dir='ltr'><strong>sodeS,</strong></span> 
     </span>
     <span class='ocr_line' id='line_1_45' title="bbox 394 3174 467 3224; baseline -0.014 0"><span class='ocrx_word' id='word_1_148' title='bbox 394 3174 467 3224; x_wconf 87' lang='grc'><strong>88</strong></span> 
     </span>
    </p>
   </div>
   <div class='ocr_carea' id='block_1_23' title="bbox 2180 357 2297 412">
    <p class='ocr_par' dir='ltr' id='par_1_25' title="bbox 2180 357 2297 412">
     <span class='ocr_line' id='line_1_46' title="bbox 2180 357 2297 412; baseline -0.051 0"><span class='ocrx_word' id='word_1_149' title='bbox 2180 357 2297 412; x_wconf 89' lang='grc'><strong>780</strong></span> 
     </span>
    </p>
   </div>
  </div>
 </body>
</html>
