2352 3724
101 367 279 423 Dorio

100 449 244 506 Anti.

105 616 279 673 Dorio

102 712 244 768 Geta

100 807 281 863 Dorio

105 1310 151 1366 A
160 1317 252 1365 niz.

115 1559 277 1615 Phae.

109 1655 289 1711 Dorio

108 1750 258 1807 Anti.

114 1845 291 1902 Dorio

112 1943 158 1998 A
167 1941 261 1999 nti.

120 2108 294 2164 Dorio

119 2193 260 2248 Geta

118 2275 286 2331 Phae.

118 2441 299 2498 Dorio

120 2525 166 2580 A
175 2524 268 2580 nti.

122 2606 302 2663 Dorio

657 247 1007 306 PUBLIUS
1053 249 1525 307 TERENTIUS
1573 249 1789 305 AFER

369 368 549 422 verba
581 371 765 423 istaec
800 375 956 424 sunt.

846 451 1300 521 Pamphilamne
1332 451 1444 507 hac
1474 452 1622 508 urbe
1648 456 1862 521 privari
1888 455 2080 508 sines?

366 540 495 589 tum
517 541 833 603 praeterea
853 534 1082 590 horunc
1103 555 1369 590 amorem
1389 535 1640 591 distrahi
1660 540 1898 605 poterin
1919 536 2081 605 pati?

366 636 569 685 neque
602 636 716 686 ego
747 637 946 686 neque
977 625 1060 673 tu.

770 712 830 768 di
864 714 974 768 tibi
1007 733 1214 768 omnes
1249 713 1307 768 id
1341 713 1502 782 quod
1534 733 1596 769 es
1627 713 1845 781 dignus
1877 714 2080 769 duint!

368 827 483 877 ego
512 815 576 864 te
608 808 929 878 compluris
953 809 1270 864 advorsum
1297 813 1608 878 ingenium
1631 829 1835 865 meum
1859 813 2079 864 mensis
2171 815 2286 864 520

449 891 581 960 tuli,

366 975 806 1044 pollicitantem
832 982 896 1031 et
919 974 1003 1030 nil
1031 974 1197 1030 feren
1209 982 1352 1044 tem,
1377 973 1656 1042 flentem3
1687 994 1848 1030 nunc
1873 982 2080 1030 contra

450 1062 650 1113 onmia
679 1058 859 1114 haec:

367 1145 605 1211 repperi
646 1145 748 1210 qui
789 1141 899 1198 det
938 1160 1138 1210 neque
1185 1140 1503 1196 lacrumet:
1558 1140 1635 1196 da
1673 1140 1872 1196 locum
1912 1139 2082 1196 meli·

453 1225 668 1280 oribus,

372 1315 537 1364 certe
568 1307 792 1376 hercle,
819 1326 932 1377 ego
963 1311 1010 1363 si
1041 1311 1184 1363 satis
1215 1310 1618 1375 commemini,
1645 1307 1756 1362 tibi
1781 1306 2087 1375 quidemst

453 1391 595 1445 olim
626 1391 773 1458 dies,

371 1495 549 1543 quam
580 1474 654 1529 ad
687 1474 860 1530 dares
895 1473 1055 1543 huic,
1087 1477 1460 1543 praestituta.

1284 1556 1527 1612 factum.

1384 1672 1530 1707 num
1562 1671 1676 1720 ego
1706 1655 1859 1708 istuc
1890 1652 2084 1719 nego?

377 1755 495 1805 iam
527 1769 597 1806 ea
627 1749 975 1820 praeteriit?

876 1865 1017 1913 non,
1050 1864 1255 1900 verum
1287 1843 1436 1899 haec
1468 1846 1522 1898 ei
1551 1846 1891 1898 antecessit.

1751 1957 1872 1993 non
1902 1937 2094 2006 pudet

378 2025 695 2080 vanitatis?

713 2111 1001 2175 minume,
1033 2105 1177 2161 dum
1209 2106 1285 2160 ob
1315 2125 1458 2161 rem.

1467 2186 1873 2243 sterculinum.

1894 2269 2095 2338 DoriO,

381 2362 546 2414 itane
578 2356 826 2413 tandem
858 2356 1055 2411 facere
1087 2355 1363 2424 oportet?

1244 2442 1325 2492 sic
1356 2455 1518 2492 sum:
1565 2440 1611 2491 si
1642 2434 1869 2505 place0‚
1903 2442 2091 2491 utere.

389 2528 472 2579 sic
502 2522 665 2578 hunc
695 2522 922 2591 decipi!

658 2609 841 2660 immo
873 2608 1034 2660 enim
1065 2622 1224 2672 ver0,
1258 2601 1550 2671 Antipho,
1582 2599 1680 2655 hic
1710 2619 1807 2655 me
1840 2599 2095 2668 decipit:

387 2709 527 2745 nam
557 2687 655 2743 hic
686 2707 783 2743 me
815 2688 1005 2743 scibat
1034 2686 1210 2741 huius
1239 2685 1403 2740 modi
1439 2703 1588 2752 esse,
1621 2702 1734 2752 ego
1770 2682 1930 2738 hunc
1969 2701 2097 2738 esse

470 2771 646 2827 aliter
676 2770 935 2838 credidi3

387 2859 503 2911 iste
532 2873 630 2910 me
661 2853 901 2922 fefellit,
934 2871 1049 2920 ego
1079 2855 1177 2906 isti
1208 2850 1333 2905 nilo
1363 2869 1494 2905 sum
1524 2849 1700 2904 aliter
1728 2867 1796 2903 ac
1830 2847 1931 2903 fui.
2191 2850 2308 2902 530

389 2937 496 2994 sed
541 2944 680 2992 utut
721 2935 871 2992 haec
911 2942 1071 3003 sunt,
1101 2941 1308 2990 tamen
1338 2932 1451 2987 hoc
1482 2931 1724 2986 faciam:
1769 2949 1895 2985 cras
1924 2949 2100 2985 mane

471 3027 792 3088 argentum
822 3017 971 3073 mihi

388 3103 562 3159 miles
593 3103 735 3158 dare
767 3121 830 3157 se
861 3101 1045 3156 dixit:
1092 3102 1137 3155 si
1170 3105 1236 3154 tu
1268 3101 1428 3167 prior
1462 3095 1755 3164 attuleriS,
1791 3093 2099 3156 Phaedria,

390 3185 468 3244 60
