2352 3724
626 223 979 280 PUBLIUS
1025 224 1495 282 TERENTIUS
1539 224 1757 279 AFER

71 342 275 397 Laches
326 343 471 411 quid
502 350 596 399 est
622 342 772 398 mihi
795 342 957 413 quod
976 343 1183 399 malim
1205 364 1386 414 quam
1408 344 1569 414 quod
1593 343 1731 399 huic
1755 343 2046 413 intellego

410 444 674 495 evemre,

329 516 397 565 ut
425 513 682 578 gratiam
710 513 877 565 ineat
906 513 1035 565 sine
1066 529 1172 566 suo
1202 510 1518 580 dispendio
1550 518 1614 566 et
1642 509 1791 564 mihi
1821 511 2045 579 prosit?

329 613 467 647 nam
513 596 561 648 si
609 599 703 648 est
746 600 817 648 ut
862 592 1012 648 haec
1058 613 1221 649 nunc
1270 592 1650 663 Pamphilum
1686 612 1825 648 vere
1861 593 1937 648 ab
1983 611 2046 648 se

410 680 765 745 segregarit,

326 763 439 814 scit
462 761 573 815 sibi
597 759 979 815 nobilitatem
1004 778 1079 815 ex
1104 777 1175 815 ea
1196 777 1262 815 re
1291 766 1497 814 natam
1522 766 1587 814 et
1609 758 1861 827 gloriam
1885 777 2014 814 esse
2031 777 2044 790 ·

328 842 486 898 feret
527 847 783 911 gratiam
829 846 956 898 eius
999 861 1239 911 unaque
1284 861 1392 898 nos
1435 843 1547 897 sibi
1598 860 1780 911 opera
1827 845 2048 897 amicos

409 930 636 993 iunget.

66 1259 97 1313 Ι
99 1260 195 1315 ἀν.
330 1258 563 1328 Edepol
584 1279 660 1313 ne
681 1278 878 1314 meam
899 1278 1033 1314 erus
1055 1277 1183 1314 esse
1204 1277 1448 1327 operam
1466 1257 1724 1327 deputat
1741 1260 1907 1327 parvi
1925 1260 2104 1327 preti,

67 1343 199 1396 V.iii
329 1346 431 1412 qui
476 1343 553 1397 ob
597 1361 727 1398 rem
755 1341 984 1397 nullam
1014 1345 1198 1411 misit,
1228 1340 1449 1398 frustra
1478 1341 1581 1396 ubi
1610 1347 1811 1396 totum
1839 1340 2048 1396 desedi
2137 1345 2254 1396 800

453 1446 470 1479 1
511 1445 571 1480 m

328 1426 678 1578 Msscgniffim
707 1508 1008 1579 hospitem
1039 1507 1184 1563 dum
1216 1515 1471 1578 expecto
1511 1511 1574 1562 in
1612 1525 1749 1564 arce
1790 1506 2047 1562 Callide-

405 1592 647 1648 midem.

327 1680 529 1745 itaque
575 1680 818 1745 ineptus
862 1673 1043 1731 hodie
1088 1673 1235 1730 dum
1281 1673 1370 1729 illi
1420 1672 1623 1744 sede0,
1673 1680 1744 1729 ut
1794 1676 2044 1742 quisque

388 1762 660 1829 venerat,

324 1842 719 1898 accedebam:
750 1826 788 1853 “
801 1841 1177 1911 adulescens,
1208 1840 1306 1896 dic
1346 1840 1492 1897 dum
1531 1839 1679 1895 mihi
1711 1859 1952 1909 quae50‚
1982 1859 2047 1895 es

406 1933 475 1981 tu
509 1925 912 1995 Myconius?'’

323 1994 497 2064 “non
520 2008 709 2064 sum.'’
752 1993 796 2040 ·“
808 2015 874 2064 at
897 2006 1406 2064 Callidemides?''
1435 1992 1669 2062 “non.’'
1698 1991 2046 2075 “hospitem

407 2111 661 2160 ecquem
694 2091 1072 2160 Pamphilum

323 2175 420 2231 hic
464 2175 736 2231 habes?''
771 2194 979 2230 omnes
1024 2175 1362 2242 negabant:
1406 2192 1606 2242 neque
1654 2192 1792 2228 eum
1837 2190 2045 2240 quem-

405 2278 584 2327 quam
616 2277 746 2314 esse
775 2259 1044 2313 arbitror.

322 2339 585 2410 denique
615 2340 820 2397 hercle
866 2345 983 2396 iam
1027 2340 1327 2410 pudebat:
1358 2340 1492 2395 abii.
1583 2337 1691 2394 sed
1721 2337 1863 2407 quid
1899 2337 2043 2392 Bac-

403 2424 644 2480 chidem

320 2509 397 2563 ab
426 2516 631 2563 nostro
659 2507 858 2563 adfine
889 2514 1217 2563 exeuntem
1249 2505 1460 2561 video?
1491 2504 1637 2573 quid
1665 2502 1805 2559 huic
1827 2502 1926 2559 hic
1949 2510 2043 2559 est

387 2592 510 2646 rei?

68 2675 295 2731 Bacchis
322 2675 633 2743 ParmenO,
677 2680 1017 2744 opportune
1066 2680 1133 2729 te
1185 2670 1390 2728 offers:
1441 2689 1695 2741 propere
1743 2687 1914 2725 curre
1964 2667 2041 2724 ad

405 2756 799 2826 Pamphilum.

55 2842 188 2897 Par.
319 2841 466 2911 quid
496 2842 605 2896 eo?

62 2923 291 2981 Bacchis
498 2922 595 2979 dic
624 2942 723 2979 me
754 2941 921 2978 orare
950 2929 1021 2978 ut
1049 2924 1269 2977 veniat.

56 3008 184 3063 Par.
1187 3003 1263 3059 ad
1292 3002 1396 3059 te?

53 3089 288 3146 Bacchis
1288 3090 1471 3140 immo
1492 3083 1570 3140 ad
1597 3083 2030 3139 Philumenam.

315 3180 348 3226 N>

355 3180 391 3226 0

399 3179 431 3226 ιθ
