2352 3724
647 233 889 290 PUBLI
901 235 999 292 US
1044 235 1405 292 TERENTI
1418 238 1516 294 US
1562 238 1778 293 AFER

354 354 711 410 cadaverosa
742 353 910 409 facie.

93 440 219 495 I'ar.
892 437 953 492 di
985 438 1155 493 illum
1188 439 1502 508 perduint!

351 519 496 590 quid
527 523 576 576 si
606 540 727 575 non
753 521 996 576 veniet?
1028 541 1384 578 maneamne
1411 543 1596 591 usque
1620 525 1696 579 ad
1721 528 2074 596 vesperum?

88 607 240 661 Pam.
347 610 621 659 maneto:
653 623 839 658 curre.

86 689 218 744 Par.
838 705 960 742 non
991 706 1177 756 queo:
1210 691 1293 743 ita
1323 688 1593 744 defessus
1625 710 1859 745 sum.—

88 772 242 827 Pam.
351 769 450 826 ille
482 770 645 825 abiit.
737 769 882 838 quid
913 789 1087 838 agam
1118 769 1368 826 infelix?
1399 791 1636 841 prorsus
1667 778 1869 829 nescio

351 874 469 923 quo
500 861 676 923 pacto
707 852 820 908 hoc
852 853 1044 909 celem
1075 854 1238 923 quod
1267 874 1366 910 me
1397 859 1587 911 oravit
1619 856 1906 927 Myrrina,

351 957 492 993 suae
522 944 744 1005 gnatae
775 944 1045 1006 partum3
1076 957 1217 992 nam
1245 957 1345 994 me
1373 941 1622 995 miseret
1649 940 1931 997 mulieris.

350 1020 512 1090 quod
542 1027 754 1089 potero
784 1019 1018 1089 faciam,
1049 1027 1256 1076 tamen
1286 1027 1358 1077 ut
1386 1025 1679 1091 pietatem
1710 1023 1932 1092 colam3

351 1124 490 1159 nam
518 1123 618 1160 me
649 1107 887 1173 parenti
917 1107 1116 1173 potius
1147 1124 1327 1172 quam
1355 1108 1541 1160 amori
1571 1106 1820 1175 obsequi

351 1194 608 1257 oportet.
698 1193 855 1242 attat
887 1206 1096 1242 eccum
1131 1187 1495 1257 Phidippum
1528 1196 1591 1244 et
1623 1197 1856 1258 patrem

351 1270 556 1326 video:
587 1269 830 1326 horsum
861 1277 1139 1339 pergunt.
1212 1271 1357 1339 quid
1387 1271 1583 1326 dicam
1613 1271 1777 1328 hisce
1809 1276 2073 1329 incertus
2162 1280 2280 1329 450

434 1373 582 1410 sum.

97 1438 302 1494 Laches
353 1437 566 1492 Dixtin
598 1435 828 1492 dudum
858 1435 1022 1491 illam
1053 1436 1273 1492 dixisse
1305 1456 1368 1493 se
1401 1445 1751 1506 exspectare
1782 1437 2007 1494 filium?

95 1521 243 1577 111.v

93 1605 212 1660 l'hi.
354 1604 597 1660 factum.

94 1688 303 1744 Laches
594 1689 828 1742 venisse
860 1690 1062 1742 aiunt:
1094 1686 1319 1742 redeat.

96 1773 246 1828 Pam.
1220 1789 1457 1825 causam
1487 1790 1666 1839 quam
1696 1770 1891 1826 dicam
1921 1774 2075 1841 patri

354 1874 533 1924 quam
562 1854 639 1909 ob
668 1873 797 1909 rem
828 1872 949 1908 non
980 1852 1345 1908 redducam?

92 1936 303 1994 Laches
985 1940 1188 1991 nescio
1218 1956 1400 2005 quem
1431 1955 1545 2004 ego
1575 1935 1672 1992 hic
1701 1936 1901 1992 audivi
1932 1937 2111 2006 loqui.

98 2023 246 2077 Pam.
353 2028 585 2077 certum
610 2020 899 2075 offirmare
925 2026 1019 2074 est
1041 2023 1197 2074 viam
1219 2039 1317 2074 me
1342 2039 1520 2088 quam
1545 2018 1784 2075 decrevi
1810 2024 2101 2089 persequi.

93 2105 303 2161 Laches
353 2109 514 2174 ipsus
545 2111 638 2159 est
668 2103 744 2159 de
777 2122 894 2172 quo
925 2101 1038 2157 hoc
1068 2103 1323 2171 agebam
1352 2110 1572 2158 tecum.

91 2190 244 2244 Pam.
1557 2185 1737 2254 salve,
1769 2189 1850 2240 mi
1883 2193 2068 2255 pater.

93 2276 303 2334 Laches
351 2280 537 2343 gnate
567 2274 669 2339 mi,
700 2269 875 2325 salve.

93 2359 214 2418 Phi.
824 2353 980 2407 bene
1012 2351 1240 2407 factum
1269 2359 1333 2407 te
1363 2351 1697 2420 advenisse,
1732 2350 2074 2420 Pamphile;

355 2447 537 2508 atque
588 2435 759 2504 ade0,
812 2435 874 2491 id
926 2434 1088 2504 quod
1138 2442 1562 2502 maxumumst,
1615 2433 1839 2489 salvom
1889 2441 2072 2502 atque

435 2520 714 2577 validum.

91 2611 246 2667 Pam.
1749 2598 2028 2655 creditur.

89 2691 305 2751 Laches
354 2687 601 2745 advenis
630 2684 849 2741 modo?

89 2777 246 2834 Pam.
834 2765 1176 2823 admodum.

91 2858 302 2916 Laches
1188 2847 1358 2918 ced0,
1389 2848 1534 2918 quid
1566 2847 1810 2917 reliquit
1846 2847 2070 2902 Phania

356 2935 744 2994 consobrinus
775 2933 1018 2988 noster?

95 3026 245 3081 Pam.
786 3035 928 3071 sane
959 3013 1162 3070 hercle
1194 3013 1376 3068 homo
1405 3012 1699 3082 voluptati
1733 3014 2068 3081 obsequens

362 3183 471 3242 168
