2352 3724
104 757 281 814 Demi.

103 853 166 908 V.
175 857 274 908 viii

101 1236 259 1292 Plzor.

98 1427 273 1484 Demi.

97 1524 259 1581 Phor.

96 1620 272 1677 Demi.

98 1722 255 1777 Plzor.

90 2201 214 2258 Chr.

92 2295 266 2352 Demi.

665 260 911 317 PUBLI
922 262 1021 320 US
1066 263 1537 323 TERENTIUS
1584 267 1801 322 AFER

370 398 532 434 nunc
561 386 770 448 gestus
798 381 948 437 mihi
979 382 1295 453 voltusque
1329 393 1422 441 est
1452 386 1784 455 capiundus
1815 407 2014 444 novos

369 474 476 529 sed
506 474 648 530 hinc
679 477 1007 532 concedam
1037 482 1100 533 in
1131 484 1515 549 angiportum
1545 481 1659 536 1100
1690 502 2066 551 proxumum,

367 569 511 625 inde
541 569 706 626 hisce
736 572 1053 628 ostendam
1083 594 1200 644 me,
1234 576 1334 630 ubi
1368 583 1548 631 erunt
1578 581 1801 645 egressi
1833 576 2003 632 foras,

367 684 484 733 quo
515 685 612 721 me
643 666 1063 723 adsimularam
1092 672 1179 725 ire
1209 669 1287 725 ad
1315 678 1668 740 mercatum,
1701 692 1823 727 non
1856 692 1943 728 00.

367 759 477 815 Dis
507 780 755 829 magnas
784 767 1003 818 merito
1032 769 1255 832 gratias
1286 765 1480 821 habeo
1511 774 1694 835 atque
1726 787 1859 837 agO,

361 856 602 924 quando
639 877 898 914 evenere
929 858 1079 915 haec
1109 861 1301 929 nobis,
1334 860 1540 930 frater,
1571 882 1871 932 prospere.

362 959 657 1020 quantum
686 960 908 1022 potest,
939 974 1101 1009 nune
1134 956 1618 1012 conveniundust
1652 956 1951 1028 Phormio,

362 1050 524 1116 prius
555 1067 735 1116 quam
765 1048 1059 1118 dilapidat
1091 1058 1324 1106 nostras
1355 1055 1606 1120 triginta
1636 1056 1828 1109 minas

361 1149 431 1198 ut
458 1142 812 1199 auferamus.

812 1239 1262 1310 Demiphonem
1294 1245 1341 1298 si
1373 1241 1595 1299 domist

360 1337 564 1402 visam,
597 1341 666 1390 ut
696 1335 941 1405 quod—

989 1439 1052 1487 at
1082 1452 1190 1487 nos
1220 1432 1297 1488 ad
1328 1440 1391 1489 te
1423 1433 1674 1503 ibamus,
1712 1433 2005 1491 Phormio,

350 1525 427 1581 de
459 1525 673 1581 eadem
702 1525 814 1581 hac
846 1526 1097 1583 fortasse
1129 1530 1341 1583 causa?

1320 1627 1404 1679 ita
1434 1623 1655 1681 hercle.

1635 1720 1893 1777 credidi:

357 1814 501 1884 quid
531 1813 608 1869 ad
638 1833 737 1869 me
769 1815 983 1869 ibatis?
1069 1814 1404 1870 ridiculum.
1494 1834 1573 1871 an
1603 1817 1972 1871 verebamini

355 1930 432 1966 ne
462 1929 586 1965 non
616 1909 679 1965 id
708 1909 972 1965 facerem
1003 1909 1164 1979 quod
1194 1914 1557 1979 recepissem
1587 1910 1813 1966 semel?

353 2006 521 2073 heuS,
553 2012 779 2074 quanta
802 2011 1028 2074 quanta
1052 2004 1202 2061 haec
1224 2025 1361 2061 mea
1383 2013 1705 2075 paupertas
1730 2013 1840 2076 est,
1866 2013 2074 2062 tamen

352 2102 549 2157 adhuc
580 2104 780 2155 curavi
810 2120 999 2155 unum
1028 2098 1143 2156 hoc
1175 2100 1440 2170 quidem,
1473 2108 1542 2157 ut
1571 2104 1655 2156 mi
1687 2108 1849 2159 esset
1877 2101 2040 2158 fides.

348 2205 521 2253 estne
553 2200 637 2251 ita
666 2199 757 2251 uti
787 2195 911 2251 dixi
941 2195 1242 2251 liberalis?

1230 2292 1465 2361 oppido,

88 2392 250 2447 Phor.
333 2390 517 2460 idque
547 2389 699 2443 adeo
729 2391 906 2442 venio
937 2391 1314 2467 nuntiatum,
1337 2387 1661 2457 DemiphO,

87 2765 259 2823 Demi.

347 2492 621 2555 paratum
650 2501 749 2538 me
781 2501 941 2538 esse:
972 2482 1076 2537 ubi
1105 2482 1301 2551 voltiS,
1331 2502 1579 2539 uxorem
1610 2483 1768 2540 date.

344 2600 485 2636 nam
515 2581 707 2634 omnis
736 2576 1057 2647 posthabui
1085 2576 1235 2633 mihi
1264 2596 1378 2647 reS,
1409 2581 1495 2633 ita
1525 2582 1616 2633 uti
1645 2598 1752 2648 par
1781 2577 1916 2648 fuit,

343 2683 662 2747 postquam
679 2673 742 2728 id
761 2679 934 2728 tanto
952 2691 1134 2743 opere
1152 2692 1255 2729 vos
1273 2672 1430 2728 velle
1449 2677 1717 2728 animum
1734 2673 2126 2730 advorteram.

345 2771 410 2820 at
437 2762 536 2819 hic
565 2761 920 2819 dehortatus
951 2767 1044 2816 est
1071 2780 1170 2817 me
1200 2779 1279 2817 ne
1308 2760 1474 2815 illam
1505 2762 1616 2816 tibi
1647 2761 1883 2817 darem:

343 2838 535 2908 “nam
564 2854 667 2920 qui
697 2854 812 2905 erit
841 2845 1099 2917 rumor‚'’
1132 2851 1349 2918 inquit,
1377 2834 1488 2904 “id
1517 2852 1567 2905 si
1596 2848 1848 2905 feceris?

341 2940 485 2998 olim
515 2959 697 3009 quom
727 2937 983 2993 honeste
1013 2941 1232 3007 potuit,
1263 2943 1396 2992 tum
1425 2955 1550 2993 non
1579 2943 1674 2992 est
1703 2936 1873 2992 data:

339 3049 475 3088 eam
503 3047 666 3084 nune
695 3024 936 3083 extrudi
964 3023 1260 3095 tul-pest.”
1348 3023 1540 3080 ferme
1570 3023 1782 3080 eadem
1813 3028 2032 3095 omnia,

341 3136 494 3187 quae
524 3123 660 3172 tute
691 3114 920 3170 dudum
951 3132 1150 3169 coram
1177 3131 1277 3168 me
1307 3115 1695 3167 incusaveras.

343 3207 360 3253 1
379 3206 456 3254 02

2178 394 2301 452 890

2165 1535 2286 1594 900

2143 2756 2265 2825 910
