2352 3724
57 910 242 965 Davos

52 2445 194 2499 Geta

51 2532 75 2587 Ι
82 2536 140 2588 ‚ii

53 2620 240 2674 Davos

52 2707 193 2763 Geta

51 2885 240 2942 Davos

55 3069 197 3125 Geta

608 230 962 289 PUBLIUS
1006 232 1476 288 TERENTIUS
1524 232 1738 286 AFER

1003 659 1261 717 ACTVS
1307 657 1335 716 Ι

314 909 561 965 Amicus
593 928 858 965 summus
890 929 1060 964 meus
1093 917 1155 964 et
1188 908 1486 978 popularis
1521 908 1678 963 Geta

313 1005 445 1062 heri
474 1005 552 1062 ad
580 1025 678 1062 me
710 1010 893 1061 venit.
975 1013 1105 1061 erat
1136 1009 1191 1060 ei
1223 1005 1299 1060 de
1333 1003 1667 1059 ratiuncula

313 1106 432 1157 iam
463 1100 699 1170 pridem
730 1100 891 1170 apud
921 1120 1018 1156 me
1050 1100 1338 1155 relicuom
1369 1098 1765 1169 pauxillulum

315 1216 728 1252 nummorum:
774 1196 836 1252 id
866 1203 935 1252 ut
965 1195 1338 1251 conficerem.
1417 1194 1680 1250 confeci:
1726 1192 1948 1248 adferO.

314 1313 454 1348 nam
486 1292 696 1348 erilem
732 1292 918 1346 filium
953 1296 1078 1347 eius
1111 1291 1350 1347 duxisse
1381 1290 1558 1345 audio

313 1408 592 1444 uxorem:
639 1392 695 1443 ei
727 1387 907 1442 credo
938 1406 1156 1442 munus
1187 1386 1301 1441 hoc
1333 1385 1692 1441 conraditur.

315 1504 493 1553 quam
523 1487 729 1552 inique
763 1490 1251 1551 comparatumst,
1285 1486 1340 1537 ei
1373 1486 1473 1550 qui
1507 1486 1704 1534 minus
1738 1479 1965 1534 habent

316 1588 385 1635 ut
415 1599 652 1648 semper
683 1578 909 1648 aliquid
940 1578 1169 1633 addant
1199 1577 1541 1633 ditioribus!

313 1675 473 1745 quod
505 1675 606 1730 ille
640 1678 928 1730 unciatim
958 1678 1056 1729 vix
1088 1673 1164 1729 de
1196 1673 1486 1728 demenso
1518 1692 1623 1727 suo

314 1792 482 1827 suom
514 1770 841 1826 defrudans
871 1774 1120 1839 genium
1151 1773 1454 1838 conpersit
1485 1772 1683 1835 miser,

314 1867 375 1922 id
406 1866 508 1921 illa
539 1871 882 1922 univorsum
913 1867 1191 1934 abripiet,
1223 1863 1383 1919 haud
1416 1867 1784 1919 existumans

314 1970 541 2032 quanto
570 1962 774 2017 labore
805 1969 1059 2030 partum.
1138 1979 1311 2029 porro
1342 1966 1546 2013 autem
1580 1958 1738 2012 Geta

318 2059 569 2114 ferietur
597 2058 714 2112 alio
744 2077 1017 2125 munere,
1048 2057 1150 2111 ubi
1181 2075 1282 2110 era
1312 2058 1647 2123 pepererit3

313 2174 487 2224 porro
516 2161 721 2208 autem
753 2152 889 2221 alic,
921 2153 1021 2206 ubi
1055 2155 1170 2206 erit
1202 2169 1386 2218 puero
1417 2148 1631 2203 natalis
1664 2148 1822 2213 dies;

315 2251 415 2306 ubi
449 2249 790 2303 initiabunt.
869 2267 1046 2302 omne
1078 2246 1190 2301 hoc
1221 2253 1415 2299 mater
1445 2244 1709 2298 auferet:

317 2365 465 2414 puer
497 2364 671 2398 causa
704 2349 819 2398 erit
850 2342 1154 2397 mittundi.
1232 2340 1338 2396 sed
1371 2339 1587 2394 videon
1622 2338 1879 2392 Getam?

319 2440 380 2497 Si
412 2444 543 2509 quis
574 2458 670 2494 me
702 2446 953 2508 quaeret
984 2436 1148 2493 rufus
1195 2481 1205 2493 .
1257 2482 1267 2493 .
1319 2481 1328 2492 .

1321 2619 1636 2682 praestost,
1667 2610 1890 2665 desine.

1923 2695 2021 2764 oh,

314 2797 378 2845 at
409 2808 522 2857 ego
553 2788 789 2844 obviam
820 2787 1077 2842 conabar
1110 2786 1237 2854 tibi,
1271 2784 1455 2839 Dave.

1487 2880 1711 2946 accipe,
1743 2894 1870 2931 em:

311 2971 630 3037 lectumst3
676 2974 998 3026 conveniet
1026 2986 1311 3024 numerus
1342 2972 1634 3035 quantum
1664 2963 1861 3019 debui.

321 3086 455 3122 amo
485 3074 568 3134 te,
603 3073 666 3121 et
696 3084 816 3120 non
848 3063 1180 3120 neclexisse
1211 3061 1404 3116 habeo
1433 3063 1702 3127 gratiam.

323 3156 395 3204 10

2160 1388 2237 1436 40

2157 2339 2234 2390 50
