2352 3724
116 373 270 430 Pam.

111 456 201 513 SO-

118 540 270 597 Pam.

112 624 201 679 So.

120 707 269 763 Pam.

116 958 266 1014 Pam.

118 1124 199 1179 Pa
204 1144 245 1179 r.

115 1207 266 1262 Pam.

115 1290 225 1346 III.
250 1294 312 1345 iii

674 254 1028 313 PUBLIUS
1072 255 1543 314 TERENTIUS
1592 258 1805 314 AFER

380 378 465 429 ita
501 373 803 430 factumst.

773 457 918 527 quid
948 459 1140 515 morbi
1174 461 1304 516 est?

1251 543 1451 600 febris,

1438 627 1805 684 cottidiana?

1789 716 1874 767 ita
1904 714 2087 768 aiunt.

379 794 398 847 i
428 790 603 848 sodes
632 795 811 861 intr0,
845 811 1176 861 consequar
1206 796 1324 848 iam
1355 800 1438 862 te,
1470 814 1605 849 mea
1633 801 1841 850 mater.

1869 877 1986 933 fiat.

379 964 446 1014 tu
486 961 705 1026 pueriS,
742 957 1052 1025 ParmenO,
1086 959 1322 1014 obviam
1359 979 1530 1015 curre
1566 967 1750 1029 atque
1787 965 1872 1016 eis
1910 980 2092 1016 onera

461 1041 681 1096 adiuta.

377 1123 560 1193 quid?
606 1143 727 1179 non
759 1127 959 1179 sciunt
991 1128 1100 1193 ipsi
1136 1129 1290 1180 viam
1322 1125 1568 1181 domum
1599 1145 1716 1195 qua
1746 1128 2031 1181 veniant?

1862 1211 2090 1265 cessas?

379 1290 635 1358 Nequeo
692 1309 958 1346 mearum
1022 1310 1220 1346 rerum
1279 1295 1520 1347 initium
1578 1291 1767 1347 ullum
1820 1296 2090 1348 invenire

460 1374 766 1441 idoneum,

376 1457 540 1513 unde
573 1456 846 1512 exordiar
876 1476 1115 1513 narrare
1146 1477 1300 1526 quae
1323 1462 1712 1526 necopinanti
1736 1458 2048 1525 accidunt3

377 1544 596 1610 partim
634 1559 787 1608 quae
824 1544 1102 1610 perspexi
1143 1540 1307 1596 hisce
1345 1541 1550 1609 oculis,
1589 1545 1808 1610 partim
1845 1544 2086 1611 percepi

458 1624 729 1678 auribus:
1429 1618 1433 1622 '

378 1727 496 1776 qua
525 1726 622 1762 me
653 1713 900 1776 propter
930 1710 1337 1762 exanimatum
1370 1710 1545 1763 citius
1577 1706 1757 1763 eduxi
1787 1707 1957 1763 foras.

376 1810 516 1845 nam
539 1789 715 1845 modo
734 1794 893 1845 intro
914 1809 1009 1845 me
1026 1797 1094 1845 ut
1108 1794 1363 1859 corripui
1377 1790 1643 1860 timidus,
1657 1791 1773 1845 alio
1784 1795 2087 1860 suspicans

377 1874 586 1928 morbo
614 1893 713 1928 me
738 1877 1000 1929 visurum
1030 1872 1332 1929 adfectam
1362 1893 1431 1928 ac
1461 1877 1618 1929 sensi
1650 1893 1780 1930 esse
1808 1893 2086 1930 uxorem:

461 1960 517 2012 ei
547 1955 723 2011 mihi!

379 2047 695 2110 postquam
710 2058 808 2094 me
822 2058 1110 2108 aspexere
1124 2038 1396 2107 ancillae,
1411 2039 1723 2095 advenisse
1737 2058 1945 2096 omnes
1957 2039 2095 2096 ilico

379 2122 553 2179 simul
608 2123 948 2178 exclamant
1006 2122 1220 2189 laetae,
1275 2122 1335 2177 id
1386 2122 1547 2192 quod
1605 2142 1703 2178 me
1754 2122 2090 2192 derepente

462 2213 836 2275 aspexerant.

379 2289 487 2346 sed
511 2293 798 2344 continuo
821 2288 1051 2344 voltum
1077 2308 1280 2343 earum
1305 2291 1464 2344 sensi
1493 2291 1777 2343 inmutari
1801 2292 2087 2356 omnium,

381 2376 519 2442 quia
555 2379 678 2427 tam
715 2371 1095 2427 incommode
1126 2371 1243 2427 illis
1275 2371 1393 2427 fors
1423 2371 1726 2426 obtulerat
1761 2370 2090 2426 adventum

463 2475 681 2510 meum.

381 2558 499 2595 una
529 2538 763 2592 illarum
795 2541 1028 2593 interea
1057 2556 1310 2607 propere
1340 2540 1747 2606 praecucurrit
1777 2540 2061 2592 nuntians

380 2642 476 2677 me
497 2625 729 2677 venisse
748 2641 760 2675 :
785 2639 899 2689 ego
919 2624 1046 2676 eius
1065 2619 1313 2682 videndi¹
1331 2619 1581 2689 cupidus
1599 2627 1766 2674 recta
1785 2638 2129 2688 consequor.

381 2712 697 2774 postquam
732 2707 892 2759 intro
927 2703 1164 2773 adveni,
1195 2702 1502 2772 extemplo
1533 2706 1660 2758 eius
1689 2703 1964 2758 morbum
1993 2721 2090 2758 co-

460 2791 641 2857 gnovi
673 2791 882 2854 miser;

379 2891 519 2927 nam
532 2889 731 2939 neque
745 2877 815 2926 ut
829 2868 1009 2925 celari
1021 2875 1225 2938 posset
1236 2875 1477 2937 tempus
1491 2870 1750 2937 spatium
1770 2866 1959 2923 ullum
1974 2866 2157 2923 dabat

379 2973 577 3022 neque
598 2972 742 3008 voce
762 2952 877 3007 alia
894 2971 963 3007 ac
982 2971 1076 3007 res
1094 2951 1382 3006 monebat
1402 2954 1529 3020 ipsa
1547 2957 1787 3019 poterat
1807 2954 2106 3019 conqueri.

376 3045 514 3108 post
526 3057 695 3105 ..luam
725 3039 950 3105 aspexi,
983 3019 1069 3090 “o
1093 3033 1322 3089 facinus
1353 3034 1670 3102 indignum
1685 3032 1719 3051 '’
1753 3036 1996 3102 inquam
2028 3040 2092 3088 et

463 3122 718 3189 corripui
748 3118 885 3174 ilico

381 3209 404 3258 1
419 3201 497 3260 60

2183 1124 2296 1183 360

2179 2373 2296 2428 370
