2404 3704
115 498 350 556 Demea

674 240 1029 343 PUBLiUs
1074 270 1545 330 'sunamitis
1589 274 1806 328 AFER

383 397 624 457 paratae
653 388 831 447 lites}
872 348 1417 452 sllccurrendumst.

1427 513 1636 551 eccum
1665 494 1838 553 adest

386 595 717 648 communis
749 593 1088 662 corruptela
1116 601 1389 650 nostrum
1418 595 1691 651 liberum.

126 693 297 750 Micio
375 693 624 749 tandem
656 699 914 763 reprime
946 695 1314 750 iracundiam
1345 705 1527 765 atque
1559 697 1634 752 ad
1664 705 1727 753 te
1760 697 1903 754 redi.

128 796 335 854 Demea

125 1146 299 1204 Micio

126 1249 338 1305 Demea

386 798 662 864 repressi,
692 794 864 864 redii,
895 800 1074 851 mitto
1105 796 1428 853 maledicta
1458 802 1692 854 omnia:

386 897 515 933 rem
545 882 734 947 ipsam
765 886 1062 948 putemus.
1133 879 1363 935 dictum
1393 880 1510 951 hoc
1537 885 1697 937 inter
1726 902 1833 938 nos
1864 882 1980 938 fuit

389 949 491 1028 (ex
521 969 584 1016 te
617 961 768 1017 adeo
801 970 893 1018 est
924 950 1170 1032 ortum),
1202 983 1280 1019 ne
1310 971 1378 1019 tu
1412 984 1647 1021 curares
1676 985 1879 1021 meum

388 1064 541 1101 neve
574 1064 687 1114 ego
717 1046 929 1101 tuom?
978 1046 1292 1115 responde.

1297 1147 1605 1219 factumst,
1634 1168 1756 1206 non
1787 1169 1961 1220 neg0.

389 1266 539 1317 quor
568 1267 730 1302 nunc
761 1246 921 1316 apud
952 1255 1015 1304 te
1046 1249 1262 1317 potat?
1309 1268 1459 1317 quor
1488 1253 1702 1319 recipis
1732 1269 1934 1305 meum
1962 1250 1983 1305 ?

389 1350 539 1400 quor
570 1335 717 1386 emis
748 1335 1019 1399 amicam,
1056 1332 1282 1386 Micio?
1327 1353 1472 1387 num
1504 1337 1604 1401 qui
1635 1337 1832 1389 minus

389 1413 538 1470 mihi
569 1414 731 1469 idem
763 1418 853 1469 ius
884 1423 1199 1483 aequomst
1231 1435 1359 1470 esse
1393 1416 1552 1484 quod
1583 1424 1879 1472 mecumst
1909 1417 2064 1471 tibi?

391 1497 631 1567 quando
664 1517 777 1567 ego
807 1505 976 1553 tuom
1011 1518 1133 1553 non
1165 1519 1325 1568 curo,
1356 1519 1434 1554 ne
1467 1519 1606 1554 cura
1635 1518 1853 1555 meum.

126 1599 302 1657 Micio
382 1619 505 1655 non
536 1618 791 1668 aequom
821 1598 984 1654 dicis,

127 1703 340 1759 Demea

127 1803 303 1861 Micio

137 1991 344 2050 Demea

142 2091 307 2147 Micio

920 1719 1044 1755 non
1063 1699 1088 1756 Ρ

985 1821 1126 1857 nam
1155 1809 1328 1859 vetus
1358 1803 1608 1858 verbum
1638 1801 1752 1858 hoc
1783 1802 2107 1873 quidemst,

394 1889 734 1941 communia
765 1904 893 1941 esse
924 1889 1250 1941 amicorum
1280 1890 1440 1942 inter
1471 1905 1533 1942 se
1565 1890 1779 1941 omnia.

397 1987 623 2043 facete!
669 2006 831 2042 nunc
861 1986 1107 2042 demum
1137 1990 1323 2042 istaec
1354 1994 1496 2042 nata
1527 1990 1788 2042 oratiost.

396 2088 667 2145 ausculta
696 2091 900 2158 paucis
929 2091 1043 2143 nisi
1073 2087 1474 2156 molestumst,
1507 2087 1754 2143 Demea.

396 2176 708 2242 principiO,
745 2175 793 2227 si
823 2170 885 2226 id
915 2178 980 2227 te
1010 2170 1268 2239 mordet,
1299 2178 1606 2239 sumptum
1637 2170 1736 2225 filii

397 2275 578 2326 quem
608 2254 858 2322 faciunt,
889 2273 1109 2322 quaeso
1141 2253 1252 2308 hoc
1284 2253 1464 2309 facito
1499 2262 1697 2308 tecum
1730 2258 1987 2321 cogites:

398 2347 465 2396 tu
495 2338 628 2394 illos
658 2338 778 2394 duo
807 2337 950 2393 olim
979 2357 1087 2406 pro
1116 2357 1181 2392 re
1210 2337 1465 2392 tollebas
1493 2344 1619 2405 tua,

398 2421 560 2492 quod
589 2425 732 2478 satis
762 2422 1015 2491 putabas
1044 2428 1150 2476 tua
1179 2421 1335 2475 bona
1364 2420 1652 2475 ambobus
1682 2418 1830 2486 fore,

400 2513 465 2562 et
490 2524 590 2561 me
618 2513 752 2561 tum
780 2523 1029 2560 uxorem
1058 2502 1367 2558 credidisti
1396 2503 1626 2558 scilicet

399 2589 737 2645 ducturum.
876 2586 1133 2643 eandem
1204 2586 1369 2641 illam
1439 2591 1734 2642 rationem
1803 2589 2110 2653 antiquam

483 2673 721 2727 obtine:

400 2774 703 2824 conserva,
735 2772 976 2822 quaere,
1006 2771 1204 2822 parce,
1235 2751 1328 2807 fac
1359 2771 1537 2820 quam
1567 2751 1889 2821 plurimum

400 2839 516 2894 illis
546 2837 878 2906 relinquas:
921 2835 1172 2905 gloriam
1202 2843 1270 2891 tu
1301 2839 1477 2890 istam
1507 2835 1731 2890 obtine.

399 2942 554 2989 mea,
585 2940 738 2989 quae
768 2926 1009 2989 praeter
1037 2938 1206 2987 spem
1238 2937 1515 2987 evenere,
1544 2924 1794 2973 utantur
1824 2920 1967 2972 sine.

400 3003 477 3061 de
510 3023 741 3059 summa
768 3002 855 3057 nil
886 3000 1176 3058 decedet:
1221 3000 1381 3069 quod
1412 3000 1552 3055 hinc
1582 3004 1920 3063 accesserit,

400 3086 463 3145 id
494 3087 571 3143 de
600 3086 767 3142 lucro
797 3092 1011 3155 putato
1041 3103 1170 3140 esse
1201 3103 1394 3139 omne.
1486 3082 1634 3138 haec
1664 3085 1711 3138 si
1743 3081 1907 3138 voles

403 3225 520 3276 302

2198 1339 2315 1389 800

2200 2424 2316 2474 810
