2352 3724
80 789 136 844 Ρ,
146 791 198 844 iz.

80 2031 199 2087 Phi.

75 3024 222 3096 M'yr.

631 254 985 311 PUBLIUS
1030 253 1501 310 TERENTIUS
1549 253 1765 308 AFER

337 394 478 430 nans
507 374 773 442 negabas
802 381 1056 443 nuptam
1086 393 1259 442 posse
1291 373 1473 428 filiam
1503 381 1670 429 tuam
1694 380 1758 429 te
1789 376 1915 443 pati
1956 369 1959 374 ’

337 477 474 514 cum
526 477 598 511 eo
645 461 747 525 qui
792 460 1175 512 meretricem
1221 463 1472 524 amaret,
1520 460 1622 524 qui
1673 451 2058 525 pernoctaret

421 539 578 594 foriS.

341 626 609 691 quamvis
641 642 879 677 causam
910 621 1071 677 hunc
1101 625 1386 691 suspicari
1417 642 1596 691 quam
1626 625 1814 691 ipsam
1857 641 2056 677 veram

420 704 670 760 mavolo,

339 788 531 843 multo
573 791 735 857 prius
782 807 961 856 quam
1002 794 1070 842 tu
1119 790 1262 842 scivi
1308 786 1478 841 illum
1523 786 1744 842 habere
1785 791 2058 855 amicam,

425 871 487 925 M
495 875 731 938 yrrina3

340 973 549 1010 verum
605 953 668 1008 id
740 956 953 1007 vitium
1025 972 1357 1021 numquam
1429 951 1669 1008 decrevi
1741 970 1872 1009 esse
1944 971 2059 1021 ego

423 1036 872 1091 adulescentiae
894 1055 909 1102 3

343 1140 480 1175 nam
517 1119 578 1174 id
608 1123 958 1173 innatumst.
1048 1125 1112 1173 at
1157 1117 1256 1187 pol
1297 1121 1415 1172 iam
1455 1117 1669 1186 aderit,
1709 1136 1772 1173 se
1820 1137 2058 1187 quoque

426 1206 611 1258 etiam
643 1222 824 1270 quom
855 1201 1066 1256 oderit.

343 1285 448 1341 sed
480 1293 549 1339 ut
580 1284 722 1339 olim
752 1292 816 1339 te
848 1284 1187 1350 ostendisti,
1222 1283 1433 1339 eadem
1467 1302 1596 1339 esse
1627 1282 1713 1337 nil
1755 1286 2057 1340 cessavisti

425 1388 614 1437 usque
643 1367 861 1436 adhue,

342 1458 411 1507 ut
447 1451 626 1505 filiam
674 1451 750 1505 ab
799 1469 871 1506 eo
909 1449 1241 1505 abduceres
1282 1468 1400 1504 neu
1443 1447 1604 1517 quod
1646 1467 1760 1517 ego
1803 1451 2058 1516 egissem

426 1542 586 1589 esset
615 1541 827 1588 ratum.

341 1616 403 1673 id
433 1637 594 1671 nunc
624 1618 913 1671 indicium
944 1614 1093 1670 haec
1125 1633 1219 1670 res
1260 1612 1423 1683 facit,
1455 1632 1573 1682 quo
1612 1620 1789 1683 pacto
1830 1612 2057 1669 factum

423 1700 694 1755 volueris.

341 1783 537 1838 adeon
565 1802 665 1838 me
697 1801 826 1838 esse
850 1784 1224 1851 pervicacem
1248 1799 1476 1848 censeS,
1501 1782 1638 1848 quoi
1663 1786 1859 1833 mater
1887 1781 2055 1846 siem,

342 1874 410 1921 ut
463 1885 535 1921 eo
583 1885 776 1921 essem
833 1868 1052 1932 animO,
1101 1866 1150 1919 si
1201 1882 1275 1919 ex
1325 1882 1437 1919 usu
1490 1869 1649 1918 esset
1696 1869 1900 1916 nostro
1943 1860 2057 1916 hoc

422 1952 871 2003 matrimonium
893 1948 916 2002 ?

338 2040 448 2087 tun
482 2036 820 2100 prospicere
849 2037 956 2085 aut
984 2028 1249 2084 iudicare
1277 2036 1545 2084 nostram
1569 2031 1630 2081 in
1655 2046 1782 2082 rem
1802 2026 1963 2095 quod
1982 2030 2059 2082 sit

421 2122 594 2183 potes
618 2115 637 2167 ?

338 2197 561 2253 audisti
593 2217 666 2252 ex
697 2196 896 2264 aliquo
927 2194 1199 2262 fortasse,
1231 2196 1334 2263 qui
1363 2192 1582 2248 vidisse
1614 2212 1752 2247 eum
1784 2191 2015 2246 diceret

338 2288 668 2337 exeuntem
697 2286 803 2334 aut
831 2282 992 2333 intro
1023 2284 1273 2333 euntem
1302 2275 1380 2331 ad
1402 2280 1670 2330 amicam.
1761 2274 1906 2343 quid
1925 2282 2056 2329 tum

422 2370 633 2431 postea
654 2362 677 2416 ?

338 2450 386 2502 si
415 2445 689 2500 modeste
719 2463 788 2499 ac
817 2463 948 2499 raro
972 2442 1136 2510 fecit,
1168 2460 1372 2497 nonne
1396 2460 1466 2496 ea
1490 2439 1860 2495 dissimulare
1891 2458 1998 2494 nos

335 2533 526 2597 magis
557 2527 948 2582 humanumst
978 2545 1158 2594 quam
1194 2524 1336 2580 darc
1374 2543 1614 2592 operam
1654 2522 1714 2577 id
1752 2525 1921 2589 scire,
1952 2524 2053 2590 qui

421 2631 529 2667 nos
559 2610 756 2666 oderit
777 2610 799 2664 ?

335 2714 476 2749 nam
507 2697 555 2749 si
583 2697 633 2749 is
661 2699 865 2763 posset
893 2692 969 2746 ab
1000 2711 1071 2746 ea
1101 2708 1230 2746 sese
1260 2688 1595 2757 derepente
1624 2686 1903 2752 avellere,

337 2796 594 2846 quacum
636 2783 732 2831 tot
777 2780 1124 2830 consuesset
1166 2791 1372 2839 annos,
1410 2790 1533 2826 non
1568 2789 1707 2825 eum
1748 2769 2053 2824 hominem

421 2859 707 2914 ducerem

334 2961 448 2998 nec
478 2945 672 2998 virum
700 2943 844 2997 satis
874 2938 1110 2994 firmum
1139 2945 1376 3006 gnatae.

384 3035 387 3037 ’
1115 3025 1295 3075 mitte
1326 3017 1777 3074 adulescentem
1810 3016 2055 3071 obsecro

268 3157 272 3160 .
333 3113 400 3163 et
429 3126 583 3175 quae
613 3124 713 3162 me
743 3122 1022 3177 peccasse
1052 3105 1152 3159 ais.
1209 3102 1324 3170 abi,
1357 3101 1515 3156 solus
1551 3099 1740 3155 solum
1779 3101 2051 3166 conveni,

340 3195 451 3245 178

2146 625 2264 678 540

2145 2196 2264 2248 ⁵60

2301 3580 2327 3724 κη’.
2309 3534 2346 3573 ε.
