2404 3704
730 237 1085 296 PUBLIUS
1141 239 1600 298 rERENTlUS
1646 242 1860 296 AFER

179 356 219 409 :1
228 374 298 412 es.
439 356 586 427 quid
617 356 730 412 hoc
762 365 856 413 est
885 362 1090 427 negoti
1117 359 1139 413 ?
1188 358 1296 414 hoc
1339 367 1432 415 est
1472 368 1705 430 patrem
1744 381 1873 417 esse
1903 369 2009 417 aut
2038 360 2150 417 hoc

522 473 616 521 est
645 465 833 521 filium
863 467 1038 523 esse?

438 582 488 635 si
507 577 695 634 frater
712 587 818 634 aut
841 578 1057 636 sodalis
1082 587 1261 649 esset,
1286 585 1387 650 qui
1411 586 1600 651 magis
1619 602 1847 637 morem
1869 590 2112 651 gereret
2134 598 2154 635 r

438 691 537 748 hie
568 713 691 748 non
721 692 1085 749 amandust?
1122 693 1322 750 hicine
1342 715 1464 750 non
1482 695 1812 765 gestandus
1836 700 1897 751 in
1921 696 2156 752 sinust?

520 805 678 861 hem.

443 923 648 990 itaque
695 919 847 976 adeo
898 941 1179 989 magnam
1230 925 1312 976 mi
1355 926 1528 978 inicit
1577 942 1682 979 sua
1728 923 2154 979 commoditate
2244 927 2360 984 710

534 1049 757 1099 curam,

442 1162 520 1198 ne
541 1142 871 1212 inprudens
892 1142 1048 1199 forte
1070 1143 1282 1198 faciam
1303 1143 1463 1213 quod
1483 1144 1636 1200 nolit
1661 1164 1672 1199 ε
1704 1149 1896 1201 sciens
1917 1146 2152 1200 cavebo

442 1255 548 1312 sed
591 1276 755 1313 cesso
797 1261 883 1312 ire
931 1260 1110 1325 intro,
1141 1277 1218 1313 ne
1249 1277 1450 1313 morae
1482 1262 1630 1314 meis
1660 1263 1886 1328 nuptiis
1918 1266 2162 1327 egomet

522 1369 670 1421 siem
692 1366 714 1420 ?

183 1479 392 1534 Demea
446 1478 735 1535 Defessus
765 1499 897 1536 sum
927 1479 1290 1535 ambulando
1315 1500 1327 1535 :
1365 1488 1452 1549 ut,
1485 1480 1654 1549 Syre,
1683 1486 1748 1536 te
1779 1500 1915 1535 cum
1945 1487 2047 1536 tua

182 1593 340 1648 IV.vi
437 1596 874 1648 monstratione
904 1613 1158 1662 magnus
1190 1593 1405 1662 perdat
1438 1593 1745 1662 Iuppiter!

442 1711 781 1776 perreptavi
831 1726 1016 1775 usque
1063 1726 1240 1761 omne
1286 1706 1611 1776 oppidum:
1654 1705 1731 1762 ad
1781 1715 2034 1776 portam,
2078 1707 2152 1763 ad

509 1814 724 1883 lacum,

444 1947 564 1998 quo
594 1928 761 1983 non?
800 1947 1000 1998 neque
1040 1927 1263 1983 fabrica
1302 1927 1385 1982 illi
1430 1927 1550 1983 ulla
1591 1934 1720 1983 erat
1759 1948 1872 1984 nec
1914 1927 2160 1984 fratrem

526 2036 706 2092 homo

448 2150 666 2206 vidisse
697 2169 760 2207 se
790 2151 953 2206 aibat
983 2154 1311 2220 quisquam.
1403 2170 1564 2206 nunc
1595 2169 1735 2206 vero
1758 2149 1918 2206 domi

183 2267 367 2322 IV.vii
444 2273 678 2321 certum
709 2265 984 2321 obsidere
1017 2272 1110 2321 est
1138 2284 1347 2334 usque,
1380 2263 1573 2320 donec
1603 2264 1866 2320 redierit.

181 2380 355 2436 Micio
445 2379 571 2447 Ibo,
603 2378 720 2435 illis
751 2378 947 2434 dicam
975 2378 1204 2434 nullam
1235 2397 1365 2435 esse
1395 2382 1459 2433 in
1487 2379 1660 2433 nobis
1689 2398 1930 2433 moram.

183 2493 392 2548 Demea
445 2490 552 2548 sed
584 2511 792 2547 eccum
823 2495 1032 2560 ipsum.
1125 2498 1187 2547 te
1219 2494 1336 2546 iam
1369 2490 1599 2547 dudum
1629 2511 1868 2560 quaem,
1903 2492 2085 2547 Micio
2247 2495 2365 2552 720

179 2606 355 2663 Micio
441 2605 773 2675 quidnam?

184 2722 396 2777 Demea
775 2717 904 2775 sero
933 2718 1047 2774 alia
1077 2718 1301 2789 flagitia
1331 2719 1407 2774 ad
1437 2726 1502 2775 te
1532 2723 1805 2788 ingentia

428 2835 570 2889 boni
601 2831 761 2888 illius
790 2832 1210 2889 adulescentis.

183 2943 354 3000 Micio
1213 2959 1354 2996 0000
1385 2949 1587 2994 autem
1613 2940 1624 2993 !

180 3058 389 3114 Demea
1635 3070 1804 3124 nova,-

442 3181 559 3239 292
