2352 3724
51 621 165 677 Phi.

49 1537 191 1605 Jsyr.

605 252 961 312 PUBLIUS
1006 255 1478 314 TERENTIUS
1524 257 1631 312 AF
1635 257 1743 313 ER

309 392 453 442 roga
483 372 711 428 velitne
742 393 819 428 an
849 393 972 428 non
1002 394 1251 430 uxorem
1276 395 1288 430 z
1313 380 1360 431 si
1386 384 1478 431 est
1503 384 1572 432 ut
1595 376 1758 434 dicat
1781 378 1937 434 velle
1962 399 2044 448 se,

308 455 535 523 redde3
571 460 663 511 sin
700 464 794 512 est
829 464 1035 512 autem
1078 465 1145 513 ut
1186 458 1358 527 nolit,
1399 467 1566 515 recte
1608 479 1722 528 ego
1762 462 2031 518 consului

389 558 577 594 meae.

307 621 604 691 siquidem
642 622 744 678 ille
780 627 908 692 ipse
945 642 1068 678 non
1106 624 1233 680 volt
1268 631 1333 680 et
1368 632 1435 680 tu
1468 629 1655 681 sensti
1685 629 1749 681 in
1779 647 1851 683 eo
1882 647 2032 698 esse,

393 706 682 774 Myrrina,

307 796 644 858 peccatum,
691 787 956 858 aderam,
1004 793 1215 858 quoius
1263 790 1510 846 consilio
1561 790 1759 848 fuerat
1809 812 1880 849 ea
1926 813 2033 864 par

390 875 663 941 prospici.

307 975 487 1024 quam
518 956 594 1010 ob
625 974 753 1010 rem
783 954 1075 1011 incendor
1103 959 1208 1024 ira,
1241 975 1371 1012 esse
1407 977 1612 1013 ausam
1647 957 1845 1015 facere
1881 959 2031 1016 haec

390 1045 455 1093 te
486 1041 713 1093 iniussu
742 1057 895 1093 meo.

307 1120 605 1177 interdico
636 1140 713 1176 ne
745 1121 1031 1177 extulisse
1069 1129 1242 1178 extra
1279 1121 1445 1178 aedis
1485 1142 1739 1192 puerum
1779 1144 2030 1195 usquam

389 1203 552 1260 veliS.

306 1286 414 1343 sed
434 1307 548 1355 ego
567 1286 826 1356 stultior,
847 1291 997 1343 meis
1017 1287 1194 1343 dictis
1214 1292 1316 1356 qui
1335 1308 1545 1357 parere
1566 1289 1721 1344 hanc
1741 1291 2055 1359 postulem.

308 1371 407 1426 ibo
437 1374 598 1425 intro
627 1378 811 1439 atque
851 1370 1083 1425 edicam
1120 1375 1323 1440 servis,
1360 1390 1439 1427 ne
1476 1391 1777 1441 quoquam
1815 1373 2029 1429 ecferri

389 1457 694 1509 sinant.—

308 1536 536 1592 nullam
567 1536 667 1606 pol
699 1536 879 1591 credo
908 1536 1226 1592 mulierem
1255 1556 1354 1592 me
1383 1541 1754 1594 miseriorem
1790 1543 1990 1595 vivere
2015 1560 2027 1595 :

306 1640 446 1675 nam
487 1627 556 1675 ut
597 1619 695 1674 hic
734 1619 963 1675 laturus
1005 1619 1118 1675 hoc
1158 1624 1293 1688 siet,
1335 1624 1383 1676 si
1430 1640 1559 1676 rem
1605 1625 1795 1690 ipsam
1835 1630 1904 1678 ut
1951 1627 2030 1679 sit

388 1707 717 1770 resciverit,

307 1806 426 1842 non
469 1786 685 1855 edepol
729 1785 883 1840 clam
923 1805 1022 1841 me
1065 1793 1176 1854 est,
1219 1805 1401 1855 quom
1442 1785 1555 1842 hoc
1602 1787 1763 1856 quod
1810 1787 2029 1844 leviust

389 1877 514 1925 tam
545 1873 745 1924 animo
774 1868 1061 1924 iracundo
1091 1868 1270 1936 tulit3

308 1972 421 2008 nec
451 1973 570 2022 qua
598 1956 693 2006 via
722 1956 1029 2008 sententia
1059 1956 1186 2008 eius
1215 1956 1404 2022 possit
1433 1957 1652 2008 mutari
1680 1957 1814 2008 scio.

306 2036 420 2091 hoc
447 2039 531 2090 mi
567 2055 755 2090 unum
794 2054 869 2091 ex
905 2034 1178 2104 plurimis
1217 2039 1471 2091 miseriis
1507 2035 1793 2091 relicuom
1832 2035 2028 2093 fuerat

388 2118 633 2187 malum,

300 2206 348 2258 si
379 2221 631 2271 puerum
674 2208 742 2256 ut
782 2200 990 2255 tollam
1034 2204 1215 2270 cogit,
1257 2204 1468 2269 quoius
1509 2220 1617 2257 nos
1657 2205 1758 2271 qui
1803 2206 1880 2258 sit
1924 2221 2030 2258 ne-

388 2289 605 2341 scimus
634 2291 822 2353 pater.

305 2388 444 2423 nam
485 2387 666 2436 quom
715 2374 1111 2434 compressast
1157 2373 1361 2435 gnata,
1409 2365 1601 2421 forma
1647 2370 1710 2422 in
1756 2367 2025 2424 tenebris

387 2454 553 2506 nosci
581 2470 704 2505 non
735 2454 979 2518 quitast,

304 2553 503 2603 neque
534 2532 873 2588 detractum
900 2536 955 2587 ei
978 2539 1109 2587 tum
1133 2535 1530 2601 quicquamst,
1556 2535 1658 2601 qui
1681 2540 1817 2602 post
1843 2536 2026 2601 possit

386 2620 550 2672 nosci
582 2620 683 2684 qui
714 2619 866 2681 siet3

303 2704 431 2770 ipse
463 2703 685 2768 eripuit
708 2703 784 2767 vi,
812 2702 873 2752 in
897 2697 1090 2767 digito
1114 2717 1294 2766 quem
1321 2696 1551 2766 habuit,
1578 2701 1790 2766 virgini
1816 2698 2023 2754 abiens

383 2782 646 2838 anulum.

301 2866 478 2923 simul
518 2884 728 2920 vereor
770 2862 1151 2933 Pamphilum
1192 2882 1270 2918 ne
1311 2869 1479 2918 orata
1517 2869 1717 2918 nostra
1764 2870 2025 2930 nequeat

385 2948 612 3004 diutius

299 3030 515 3099 celare,
545 3050 728 3099 quom
756 3032 908 3085 sciet
936 3028 1197 3084 alienum
1231 3047 1484 3083 nuerum
1514 3027 1644 3083 tolli
1677 3046 1783 3097 pro
1813 3046 1932 3083 suo.

303 3202 420 3252 180

2121 627 2237 686 560

2118 2042 2235 2098 570
