2352 3724
113 2407 282 2460 111.iv

113 2508 238 2562 Par.

106 2606 266 2662 Sosia

113 2811 239 2866 Par.

113 2910 266 2968 Sosia

632 257 987 333 PURLIUS
1032 274 1504 331 TERENTms
1551 273 1767 328 AFER

345 402 510 468 quin,
526 396 688 466 quod
702 400 826 452 veri
840 395 1112 463 similest,
1128 414 1201 450 ex
1215 402 1279 450 te
1292 402 1459 450 recte
1474 413 1612 450 eum
1626 402 1833 448 natum
1851 400 2086 463 putent.

344 497 634 549 continuo
682 497 1050 561 exponetur:
1110 489 1207 544 hic
1254 490 1426 544 tibist
1473 488 1558 543 nil
1605 492 1924 557 quicquam
1970 491 2060 542 in-

428 586 745 654 commodi,

347 691 411 740 et
440 683 526 739 illi
557 687 810 738 miserae
841 680 1092 750 indigne
1118 680 1339 736 factam
1362 683 1639 735 iniuriam
1663 677 2059 735 contexeris.”

353 779 654 850 pollicitus
670 797 798 833 sum
818 784 881 832 et
895 795 1128 831 servare
1144 780 1203 830 in
1223 794 1294 831 eo
1309 783 1602 831 certumst
1615 773 1773 843 quod
1789 774 1910 828 dixi
1927 773 2123 828 fidem.

349 895 487 930 nam
520 874 596 930 de
630 872 1038 940 redducenda,
1071 871 1132 927 id
1157 890 1298 927 vero
1341 890 1419 927 ne
1465 874 1696 926 utinam
1744 869 2063 924 honestum

433 989 562 1025 esse
594 969 867 1036 arbitror,

353 1085 466 1121 nec
503 1064 736 1132 faciam,
776 1066 890 1119 etsi
931 1081 1097 1118 amor
1137 1080 1236 1117 me
1271 1064 1537 1130 graviter
1573 1058 2065 1128 consuetudoque

439 1164 566 1216 eius
595 1166 787 1215 tenet.

353 1256 636 1324 lacrumO,
651 1273 804 1324 quae
823 1252 1074 1323 posthac
1094 1252 1355 1308 futurast
1375 1255 1497 1307 vita
1516 1270 1698 1320 quom
1716 1254 1780 1306 in
1798 1257 2070 1306 mentem

440 1355 607 1406 venit

358 1447 756 1516 solitudoque.
806 1465 841 1501 o
854 1445 1114 1514 fortuna,
1129 1451 1198 1500 ut
1211 1464 1539 1512 numquam
1556 1449 1849 1512 perpetuo
1863 1461 1926 1498 es
1940 1442 2112 1496 bona!

357 1542 465 1600 sed
505 1547 620 1597 iam
661 1545 820 1611 prior
859 1560 1026 1596 amor
1065 1560 1164 1596 me
1200 1539 1278 1595 ad
1319 1539 1474 1594 hanc
1511 1558 1639 1594 rem
1676 1541 2072 1594 exercitatum

444 1637 729 1706 reddidit,

361 1754 541 1805 quem
591 1754 705 1802 ego
751 1741 884 1789 tum
926 1732 1173 1789 consilio
1215 1736 1459 1788 missum
1502 1730 1648 1786 feci:
1710 1729 1869 1784 idem
1919 1727 2078 1783 hunc

447 1849 691 1899 operam
723 1828 894 1883 dabo·

365 1925 539 1981 adest
573 1925 867 1979 Parmeno
897 1943 1034 1979 cum
1066 1926 1296 1992 pueris:
1341 1921 1502 1976 hunc
1532 1923 1861 1975 minumest
1891 1938 2038 1988 opus

367 2026 427 2076 in
458 2021 571 2076 hac
602 2040 666 2076 re
697 2019 940 2086 adesse3
984 2039 1124 2074 nam
1155 2018 1297 2073 olim
1329 2016 1436 2072 soli
1468 2015 1714 2083 credidi,

368 2137 439 2173 ea
467 2135 566 2171 me
596 2116 955 2171 abstinuisse
987 2118 1051 2168 in
1081 2116 1393 2183 principiO,
1426 2131 1606 2181 quom
1637 2110 1850 2165 datast.

366 2231 593 2281 vereor,
624 2215 673 2267 si
703 2210 1025 2266 clamorem
1055 2213 1183 2265 eius
1211 2208 1310 2263 hic
1341 2207 1549 2263 crebro
1578 2206 1801 2272 audiat,

369 2327 446 2364 ne
477 2309 772 2377 parturire
801 2304 1139 2374 intellegat.
1229 2303 1429 2372 aliquo
1457 2301 1666 2357 mihist

368 2403 510 2458 hinc
539 2400 931 2470 ablegandus,
963 2400 1107 2456 dum
1138 2403 1295 2469 parit
1328 2397 1696 2453 Philumena.

372 2504 494 2559 Ain
523 2510 591 2558 tu
621 2503 734 2558 tibi
763 2501 878 2557 hoe
906 2499 1354 2556 incommodum
1385 2501 1655 2555 evenisse
1684 2496 1837 2552 iter?

369 2625 491 2660 non
520 2602 726 2660 hercle
755 2603 971 2671 verbis,
1005 2601 1317 2668 ParmenO,
1348 2599 1467 2655 dici
1496 2604 1699 2668 potest

370 2713 610 2762 tantum
641 2724 822 2774 quam
851 2722 1061 2772 reapse
1091 2705 1374 2770 navigare
1404 2697 1923 2754 incommodumst.

371 2811 500 2863 itan
531 2806 661 2863 est?

656 2926 693 2963 o
721 2905 1049 2973 fortunate,
1080 2907 1275 2960 nescis
1305 2901 1450 2972 quid
1479 2900 1622 2956 mali

373 3011 771 3080 praeterieris,
803 3010 905 3075 qui
934 3023 1264 3073 numquam
1294 3022 1358 3059 es
1387 3006 1689 3071 ingressus
1717 3018 1898 3056 mare.

375 3130 511 3165 nam
542 3108 686 3164 alias
716 3115 785 3163 ut
813 3110 1054 3162 mittam
1082 3107 1367 3171 miseriaS,
1401 3122 1577 3158 unam
1610 3101 1765 3156 hanc
1795 3099 1962 3156 vide:

377 3203 492 3262 164

2149 491 2263 541 400

2172 2017 2290 2067 410

2176 3104 2294 3154 420
