2352 3724
674 256 1028 313 PUBLIUS
1073 256 1544 315 TERENTIUS
1587 257 1805 312 AFER

377 396 476 433 me
534 376 678 431 inde
738 375 1093 444 lacrumans,
1146 375 1484 431 incredibili
1543 395 1608 432 re
1667 383 1850 444 atque
1909 379 2095 431 atroci

461 463 742 529 percitus,

381 551 576 598 mater
589 545 1006 609 consequitur:
1030 545 1147 595 iam
1168 548 1237 596 ut
1255 540 1443 596 limen
1464 544 1746 609 exieram,
1761 540 1837 595 ad
1855 560 2055 609 genua
2068 540 2287 596 accidit

381 625 717 680 lacrumans
730 628 965 679 misera:
987 628 1397 680 miseritumst.
1416 623 1689 693 profecto
1702 624 1815 678 hoc
1829 628 1910 679 sic
1926 631 2035 691 est,
2048 632 2117 678 ut
2137 631 2303 692 puto:

382 709 659 763 omnibus
699 709 870 762 nobis
912 714 982 762 ut
1022 726 1117 763 res
1157 707 1308 762 dant
1353 726 1502 775 sese,
1544 710 1631 762 ita
1667 711 1874 775 magni
1914 715 2096 775 atque
2187 712 2302 761 380

467 790 726 846 humiles
757 809 974 846 sumus.

384 873 539 929 hanc
569 873 792 928 habere
823 877 1157 928 orationem
1186 891 1425 928 mecum
1455 875 1748 942 principio
1777 875 2029 928 institit:

387 943 473 1013 “o
501 960 586 1012 mi
626 955 957 1025 Pamphile,
989 957 1093 1011 abs
1129 963 1193 1011 te
1224 974 1404 1024 quam
1435 955 1512 1010 ob
1541 974 1670 1010 rem
1705 954 1856 1010 haec
1886 956 2101 1010 abierit

471 1059 709 1095 causam
739 1038 936 1105 vides3

388 1143 528 1178 nam
564 1126 838 1178 vitiumst
877 1121 1147 1177 oblatum
1185 1124 1402 1190 virgini
1443 1120 1585 1175 olim
1625 1121 1701 1175 ab
1741 1124 1943 1176 nescio
1984 1138 2102 1189 quo

471 1206 738 1275 inprobo,

388 1309 549 1344 nunc
569 1288 687 1343 huc
708 1286 1000 1355 confugit,
1020 1294 1084 1342 te
1105 1293 1288 1355 atque
1307 1285 1452 1341 alios
1471 1292 1712 1354 partum
1731 1292 1801 1340 ut
1820 1284 2045 1340 celaret
2063 1283 2276 1340 suom.’'

389 1372 495 1428 sed
555 1391 736 1440 quom
795 1378 960 1425 orata
1018 1370 1193 1425 huius
1251 1373 1618 1437 reminiscor,
1669 1388 1907 1437 nequeo
1959 1372 2103 1436 quin

473 1455 802 1510 lacrumem
829 1457 1024 1508 miser.

413 1523 717 1606 ‘quaeque
758 1535 878 1592 fors
926 1534 1273 1591 fortunast''
1326 1538 1523 1603 inquit

474 1620 655 1676 hodie
685 1619 925 1686 obtulit,

394 1724 503 1773 per
532 1722 665 1759 eam
694 1711 759 1759 te
790 1703 1168 1758 obsecramus
1198 1701 1429 1769 ambae,
1462 1703 1510 1755 si
1539 1703 1649 1768 ius,
1674 1702 1721 1754 si
1752 1698 1840 1754 fas
1872 1706 1981 1766 est,
2016 1702 2101 1752 uti

394 1786 643 1842 advorsa
663 1790 790 1841 eius
809 1805 918 1855 per
940 1792 1004 1840 te
1025 1791 1191 1840 tecta
1208 1787 1514 1852 tacitaque
1533 1781 1693 1851 apud
1713 1785 1904 1837 omnis
1925 1786 2098 1836 sient.

398 1874 445 1926 si
482 1889 767 1938 umquam
798 1888 941 1937 erga
969 1875 1033 1923 te
1066 1886 1195 1923 esse
1225 1870 1426 1922 animo
1454 1869 1646 1921 amico
1676 1868 1914 1921 sensisti
1952 1884 2103 1931 eam,

480 1956 564 2007 mi
596 1951 928 2021 Pamphile,

396 2038 524 2092 sine
554 2035 758 2090 labore
782 2034 938 2089 hanc
960 2036 1217 2102 gratiam
1245 2039 1310 2087 te
1334 2038 1404 2087 ut
1427 2031 1539 2087 sibi
1562 2030 1669 2086 des
1692 2048 1800 2099 pro
1822 2028 1924 2084 illa
1947 2048 2106 2083 nunc
2195 2032 2313 2091 390

479 2126 667 2187 rogat.

396 2209 667 2257 ceterum
687 2199 764 2255 de
783 2197 1172 2254 redducenda
1190 2196 1252 2252 id
1278 2196 1457 2251 facias
1477 2194 1638 2264 quod
1657 2198 1719 2249 in
1739 2214 1866 2249 rem
1888 2197 1962 2248 sit
1986 2201 2165 2247 tuam.

398 2287 693 2353 parturire
752 2302 880 2337 eam
949 2300 1064 2337 nec
1120 2279 1428 2349 gravidam
1493 2298 1623 2334 esse
1683 2297 1756 2333 ex
1819 2285 1884 2332 te
1950 2276 2108 2331 solus

483 2364 803 2421 consciu’s:

398 2467 442 2505 n
461 2470 538 2503 im
561 2452 732 2504 aiunt
753 2455 956 2504 tecum
981 2453 1118 2516 post
1140 2444 1372 2500 duobus
1396 2444 1784 2498 concubuisse
1807 2441 2127 2497 mensibus.

402 2541 551 2601 tum,
586 2539 905 2601 postquam
942 2529 1019 2585 ad
1053 2536 1118 2585 te
1147 2531 1335 2596 venit,
1365 2530 1588 2582 mensis
1623 2528 1824 2594 agitur
1857 2524 1955 2578 hic
1991 2528 2107 2577 iam

484 2622 826 2684 septumus:
1069 2675 1072 2678 Δ

401 2697 562 2768 quod
601 2704 666 2753 te
703 2700 853 2753 scire
892 2699 1020 2765 ipsa
1053 2692 1284 2749 indicat
1322 2709 1432 2748 res.
1522 2710 1685 2747 nunc
1720 2693 1768 2746 si
1803 2692 1960 2759 potis
1998 2695 2110 2756 est,

488 2779 819 2849 Pamphile,

402 2881 680 2918 maxume
692 2861 826 2918 volo
839 2860 1037 2929 doque
1051 2877 1294 2928 operam
1306 2864 1377 2913 ut
1390 2855 1543 2911 clam
1557 2858 1797 2911 eveniat
1807 2861 2012 2923 partus
2028 2860 2257 2921 patrem

399 2953 585 3014 atque
615 2944 768 3000 adeo
798 2946 1007 3000 omnis.
1098 2940 1206 2997 sed
1242 2943 1291 2996 si
1325 2938 1390 2995 id
1419 2938 1546 2994 fieri
1581 2957 1704 2992 non
1733 2944 1936 3006 potest
1967 2940 2111 3004 quin

485 3032 772 3096 sentiant,

401 3109 598 3167 dicam
611 3111 889 3166 abortum
902 3126 1031 3164 esse
1050 3125 1063 3162 τ
1087 3109 1207 3163 scio
1220 3107 1447 3161 nemini
1462 3103 1637 3160 aliter
1650 3109 1995 3171 suspectum
2007 3099 2134 3155 fore

403 3192 518 3250 162

393 1522 410 1550 C
1571 1519 1588 1545 C

1591 1518 1792 1589 ‘nobis
1839 1552 1992 1602 quae
2038 1540 2104 1589 te
