2352 3724
661 235 1013 296 PUBLIUS
1059 239 1528 300 TERENTIUS
1575 244 1789 300 AFER

364 356 510 427 quid
539 356 682 414 fiet?

104 438 246 495 Geta
661 461 790 526 non
815 446 977 499 enim
1008 443 1207 500 ducet.

102 521 248 579 Anti.
1209 533 1362 585 novi.
1454 538 1721 589 ceterum

366 626 546 676 quom
576 616 898 677 argentum
928 618 1229 680 repetent,
1262 620 1465 668 nostra
1495 634 1670 671 causa
1699 619 1932 673 scilicet

363 692 428 745 in
456 710 703 748 nervom
733 696 932 762 potius
961 694 1089 749 ibit.

105 771 246 828 Geta
1077 776 1162 831 nil
1194 785 1304 847 est,
1337 778 1629 850 Antipho,

366 860 512 927 quin
541 857 698 914 male
729 859 1027 916 narrando
1056 865 1244 930 possit
1273 861 1682 931 depravarier:

365 947 431 996 tu
464 941 526 996 id
557 941 719 1011 quod
748 943 950 999 bonist
981 948 1269 1014 excerpis,
1302 945 1449 1002 dicis
1480 947 1641 1016 quod
1670 951 1886 1007 malist.

365 1024 504 1080 audi
535 1045 696 1080 nunc
728 1033 965 1082 contra:
995 1030 1114 1083 iam
1144 1031 1192 1084 si
1221 1036 1542 1097 argentum
1571 1037 1891 1103 acceperit,

365 1107 702 1165 ducendast
730 1129 897 1179 uxor,
929 1117 999 1165 ut
1026 1114 1130 1180 ais,
1162 1112 1429 1168 concedo
1457 1114 1599 1169 tibi:
2172 1121 2288 1179 700

365 1196 624 1261 spatium
657 1192 902 1261 quidem
931 1193 1183 1250 tandem
1212 1195 1540 1265 adparandi
1570 1203 1831 1267 nuptias,

366 1275 638 1345 vocandi,
669 1276 1057 1332 sacruficandi
1086 1277 1328 1334 dabitur
1356 1280 1681 1349 paululum.

365 1362 600 1414 interea
627 1363 803 1414 amici
833 1360 995 1428 quod
1023 1361 1277 1430 polliciti
1306 1371 1448 1418 sunt
1478 1363 1733 1419 dabunt*

366 1441 509 1498 inde
540 1445 654 1498 iste
684 1442 919 1499 reddet.

105 1524 250 1581 minti.
922 1547 1102 1596 quam
1132 1528 1209 1583 ob
1238 1529 1404 1584 rem?
1434 1537 1538 1585 aut
1569 1531 1713 1599 quid
1743 1532 1944 1590 dicet?

107 1607 249 1664 Geta
1916 1634 2086 1684 rogas
2103 1616 2125 1671 ?

369 1678 581 1762 “quod
610 1712 704 1749 res
732 1693 973 1763 postilla
1001 1702 1268 1750 monstra
1298 1704 1634 1753 evenerunt
1661 1697 1837 1753 mihi!

368 1780 529 1832 intro
558 1780 630 1832 iit
658 1780 722 1831 in
752 1777 917 1833 aedis
947 1785 1078 1833 ater
1107 1778 1337 1834 alienus
1368 1783 1561 1847 canis;

369 1863 581 1928 anguis
610 1863 674 1915 in
702 1859 1037 1930 inpluvium
1068 1861 1296 1917 decidit
1326 1862 1402 1917 de
1432 1863 1684 1932 tegulis;

368 1943 592 2011 gallina
621 1947 843 1999 cecinit
859 1962 872 2010 3
903 1944 1221 2000 interdixit
1250 1944 1541 2001 hariolus:

369 2026 667 2095 haruspex
696 2031 921 2093 vetuit3
951 2035 1095 2083 ante
1126 2028 1398 2083 brumam
1428 2037 1632 2085 autem
1662 2042 1796 2085 novi

370 2113 580 2178 negoti
608 2110 954 2180 incipere!'’
990 2130 1142 2180 quae
1175 2119 1408 2167 causast
1437 2116 1790 2169 iustissuma.
2173 2119 2289 2176 710

368 2192 518 2247 haec
548 2192 712 2249 fient.

110 2276 253 2332 Anti.
723 2283 793 2332 ut
821 2276 1001 2333 modo
1031 2277 1204 2333 fiant!

111 2359 251 2415 Geta
1206 2361 1382 2416 fient:
1412 2381 1509 2417 me
1540 2362 1693 2418 vide.

370 2449 543 2512 pater
572 2447 727 2499 exit:
757 2445 874 2512 abi,
905 2443 1001 2499 dic
1032 2463 1161 2500 esse
1191 2452 1512 2513 argentum
1543 2445 1887 2503 Phaedriae.

110 2526 286 2582 Demi.
373 2525 631 2596 Quietus
652 2533 799 2596 est0,
820 2530 1095 2596 inquam:
1121 2546 1234 2596 ego
1259 2528 1476 2583 curabo
1499 2547 1578 2584 ne
1602 2529 1747 2598 quid
1769 2530 2083 2585 verborum

110 2609 250 2665 IV.v
452 2608 600 2665 duit.

370 2692 483 2748 hoc
512 2700 745 2748 temere
775 2713 1103 2762 numquam
1133 2697 1407 2749 amittam
1439 2712 1553 2763 ego
1581 2714 1618 2749 a
1644 2714 1742 2750 me
1767 2702 1912 2763 quin
1934 2694 2081 2751 mihi

451 2779 624 2831 testis
655 2775 1005 2831 adhibeam:

369 2862 510 2928 quoi
528 2858 670 2915 dem
690 2865 754 2914 et
773 2878 951 2927 quam
970 2859 1048 2915 ob
1071 2878 1199 2915 rem
1219 2858 1359 2915 dem
1379 2863 1872 2917 commemorabo.

110 2941 251 2997 Geta
1189 2949 1260 2998 ut
1282 2949 1490 2997 cautus
1514 2949 1624 3011 est,
1650 2942 1752 2996 ubi
1779 2942 1862 2998 nil
1885 2951 2075 3012 opust.

110 3024 233 3081 Chr.
366 3032 548 3094 atque
567 3027 653 3080 ita
670 3043 818 3094 opus
838 3023 1086 3080 factost:
1113 3031 1176 3080 et
1193 3032 1444 3092 matura,
1471 3024 1615 3080 dum
1638 3025 1846 3082 lubido
1869 3026 2078 3082 eadem

451 3107 600 3163 haec
628 3114 866 3174 manet3

372 3194 448 3253 78
