2430 3710
172 652 312 708 Gela

171 843 303 899 Can.

167 938 257 995 So.

175 1951 316 2008 Geta

171 2048 256 2102 So.

176 2476 318 2532 Geta

171 2571 261 2629 So.

178 2834 386 2889 Demea

179 2928 286 2983 ΠΙ.
315 2932 371 2982 iii

728 239 1082 299 PUBLIUS
1127 241 1598 301 TERENTIUS
1644 246 1860 300 AFER

433 372 800 434 quapropter
830 385 1070 434 quoquo
1100 374 1277 436 pacto
1307 371 1553 424 tacitost
1582 388 1745 438 opuS.

1413 463 1510 532 ah,
1541 468 1808 521 minume
1838 469 2114 533 gentium
2139 486 2150 520 :

433 575 550 611 non
584 554 812 610 faciam.

565 650 711 720 quid
739 671 882 719 ages
906 653 926 705 ?

680 746 993 816 proferam.

787 841 948 911 hem,
979 862 1114 898 mea
1139 843 1424 912 Sostrata,
1457 844 1594 900 vide
1625 865 1803 914 quam
1833 865 1959 902 rem
1991 867 2146 915 agas.

435 942 637 1008 peiore
669 957 762 993 res
793 937 923 993 loco
954 958 1074 993 non
1107 944 1263 1007 potis
1295 947 1387 995 est
1411 959 1540 995 esse
1564 960 1742 1009 quam
1767 945 1828 996 in
1852 961 1968 1010 quo
1996 963 2152 997 nunc

517 1025 703 1076 sitast.

436 1109 695 1174 primum
731 1103 1100 1171 indotatast3
1142 1112 1272 1160 tum
1312 1113 1642 1176 praeterea,
1692 1126 1844 1176 quae
1892 1108 2152 1163 secunda

520 1192 571 1242 ei
606 1187 712 1243 dos
744 1195 891 1255 erat,

436 1276 652 1341 periit:
699 1290 806 1340 pro
855 1274 1084 1340 virgine
1123 1271 1246 1326 dari
1287 1279 1545 1341 nuptum
1582 1292 1704 1328 non
1734 1280 1950 1343 potest.
2044 1274 2156 1330 hoc

520 1354 903 1409 relicuomst:

436 1442 482 1494 si
503 1437 721 1493 infitias
742 1439 872 1506 ibit,
892 1441 1066 1493 testis
1085 1457 1323 1493 mecum
1344 1445 1436 1493 est
1454 1438 1667 1495 anulus
1687 1458 1868 1508 quem
1887 1444 2180 1496 amiserat.

438 1528 738 1591 postremo
759 1520 998 1589 quando
1019 1540 1132 1589 ego
1158 1526 1391 1576 conscia
1415 1521 1561 1576 mihi
1585 1541 1716 1577 sum
1740 1543 1774 1577 a
1796 1543 1893 1578 me
1918 1524 2150 1592 culpam

520 1623 648 1660 esse
681 1603 835 1658 hanc
867 1604 1066 1672 procul

437 1707 634 1756 neque
672 1691 932 1756 pretium
970 1707 1168 1756 neque
1206 1707 1334 1742 rem
1374 1687 1557 1743 ullam
1599 1692 2004 1745 intercessisse
2054 1690 2153 1744 illa

517 1778 623 1826 aut
652 1790 749 1825 me
781 1769 1112 1838 indignam,
1147 1770 1323 1839 Geta,

436 1857 722 1924 experiar.

721 1948 865 2018 quid
896 1950 1073 2004 istic?
1105 1949 1255 2005 cedo
1285 1957 1354 2005 ut
1383 1949 1597 2006 melius
1629 1950 1790 2006 dicis.

1562 2053 1629 2101 tu
1661 2054 1950 2114 quantuni
1988 2056 2154 2115 potos

437 2130 533 2184 abi
553 2136 735 2197 atque
759 2128 1028 2197 Hegioni
1050 2135 1308 2197 cognato
1327 2132 1454 2184 eius
1474 2148 1599 2184 rem
1622 2138 1897 2184 enai-rato
1916 2149 2156 2185 omnem

520 2212 730 2267 ordine
756 2230 768 2274 ;

436 2315 575 2350 nam
622 2299 670 2350 is
719 2302 922 2349 nostro
970 2293 1198 2350 Simulo
1245 2293 1361 2350 fuit
1407 2314 1672 2350 summus
1720 2302 1784 2350 et
1824 2315 1930 2351 nos
1972 2295 2155 2351 coluit

519 2398 813 2433 maxume.

440 2494 579 2529 nam
611 2472 813 2528 hercle
844 2472 992 2527 alius
1022 2492 1201 2528 nemo
1232 2476 1476 2542 respicit
1504 2492 1627 2528 nos,

1263 2588 1516 2638 propera
1543 2576 1631 2637 tn,
1663 2589 1795 2624 mea
1829 2571 2145 2638 szthmu,

439 2672 630 2721 curre,
662 2653 1050 2707 obstetricem
1092 2671 1349 2720 accerse,
1382 2659 1450 2707 ut
1480 2671 1661 2721 quom
1697 2671 1845 2721 opus
1875 2655 1955 2708 sit
1981 2670 2062 2708 ne
2090 2654 2154 2708 in

522 2756 686 2791 mora
714 2736 886 2790 nobis
917 2739 1046 2790 siet.

441 2831 738 2900 Disperii!
828 2829 1258 2898 Ctesiphonem
1289 2829 1489 2884 audivi
1521 2830 1704 2885 filium

437 2946 555 2981 una
585 2924 766 2980 fuisse
797 2927 859 2978 in
889 2928 1163 2993 raptione
1196 2943 1330 2978 cum
1365 2923 1680 2979 Aeschino.

437 3008 498 3064 id
529 3013 745 3065 misero
777 3014 965 3062 restat
994 3006 1141 3061 mihi
1171 3006 1331 3074 mali,
1364 3011 1411 3061 si
1442 3006 1612 3062 illum
1641 3014 1863 3075 potest,

438 3095 539 3160 qui
572 3090 793 3159 aliquoi
824 3094 968 3146 reist
999 3093 1202 3157 etiam,
1224 3108 1362 3144 cum
1382 3089 1456 3144 ad
1477 3093 1812 3158 nequitiem
1829 3087 2144 3145 adducere.

442 3201 560 3250 254

2245 1862 2359 1911 350
