<?xml version="1.0" encoding="UTF-8"?>
<!DOCTYPE html PUBLIC "-//W3C//DTD XHTML 1.0 Transitional//EN"
    "http://www.w3.org/TR/xhtml1/DTD/xhtml1-transitional.dtd">
<html xmlns="http://www.w3.org/1999/xhtml" xml:lang="en" lang="en">
 <head>
  <title>
</title>
<meta http-equiv="Content-Type" content="text/html;charset=utf-8" />
  <meta name='ocr-system' content='tesseract 3.04.00' />
  <meta name='ocr-capabilities' content='ocr_page ocr_carea ocr_par ocr_line ocrx_word'/>
</head>
<body>
  <div class='ocr_page' id='page_1' title='image "./terence00tereuoft_0300.png"; bbox 0 0 2404 3704; ppageno 0'>
   <div class='ocr_carea' id='block_1_1' title="bbox 738 233 1935 299">
    <p class='ocr_par' dir='ltr' id='par_1_1' title="bbox 738 233 1935 299">
     <span class='ocr_line' id='line_1_1' title="bbox 738 233 1935 299; baseline 0.008 -11"><span class='ocrx_word' id='word_1_1' title='bbox 738 233 1091 295; x_wconf 86' lang='lat' dir='ltr'>PUBLIUS</span> <span class='ocrx_word' id='word_1_2' title='bbox 1137 238 1607 298; x_wconf 87' lang='lat' dir='ltr'>TERENTIUS</span> <span class='ocrx_word' id='word_1_3' title='bbox 1654 243 1868 299; x_wconf 85' lang='lat' dir='ltr'><strong>AFER</strong></span> <span class='ocrx_word' id='word_1_4' title='bbox 1932 294 1935 297; x_wconf 86' lang='lat'>.</span> 
     </span>
    </p>
   </div>
   <div class='ocr_carea' id='block_1_2' title="bbox 444 353 2156 506">
    <p class='ocr_par' dir='ltr' id='par_1_2' title="bbox 444 353 2156 506">
     <span class='ocr_line' id='line_1_2' title="bbox 444 353 2156 435; baseline 0.008 -26"><span class='ocrx_word' id='word_1_5' title='bbox 444 353 760 424; x_wconf 80' lang='lat' dir='ltr'>prodidisti</span> <span class='ocrx_word' id='word_1_6' title='bbox 793 364 857 412; x_wconf 90' lang='lat' dir='ltr'>et</span> <span class='ocrx_word' id='word_1_7' title='bbox 892 365 957 413; x_wconf 90' lang='lat' dir='ltr'>te</span> <span class='ocrx_word' id='word_1_8' title='bbox 999 366 1063 414; x_wconf 90' lang='lat' dir='ltr'>et</span> <span class='ocrx_word' id='word_1_9' title='bbox 1103 359 1268 415; x_wconf 86' lang='lat' dir='ltr'>illam</span> <span class='ocrx_word' id='word_1_10' title='bbox 1289 365 1569 418; x_wconf 84' lang='lat' dir='ltr'>miseram</span> <span class='ocrx_word' id='word_1_11' title='bbox 1600 371 1664 419; x_wconf 88' lang='lat' dir='ltr'>et</span> <span class='ocrx_word' id='word_1_12' title='bbox 1692 372 1966 434; x_wconf 85' lang='lat' dir='ltr'>gnatum,</span> <span class='ocrx_word' id='word_1_13' title='bbox 1997 366 2156 435; x_wconf 91' lang='lat' dir='ltr'>quod</span> 
     </span>
     <span class='ocr_line' id='line_1_3' title="bbox 526 438 1119 506; baseline 0.008 -14"><span class='ocrx_word' id='word_1_14' title='bbox 526 438 772 506; x_wconf 87' lang='lat' dir='ltr'>quidem</span> <span class='ocrx_word' id='word_1_15' title='bbox 801 444 865 494; x_wconf 94' lang='lat' dir='ltr'>in</span> <span class='ocrx_word' id='word_1_16' title='bbox 894 448 958 496; x_wconf 85' lang='lat' dir='ltr'>te</span> <span class='ocrx_word' id='word_1_17' title='bbox 989 441 1119 497; x_wconf 89' lang='lat' dir='ltr'>fuit.</span> 
     </span>
    </p>
   </div>
   <div class='ocr_carea' id='block_1_3' title="bbox 444 520 2200 588">
    <p class='ocr_par' dir='ltr' id='par_1_3' title="bbox 444 520 2200 588">
     <span class='ocr_line' id='line_1_4' title="bbox 444 520 2200 588; baseline 0.007 -14"><span class='ocrx_word' id='word_1_18' title='bbox 444 520 627 588; x_wconf 87' lang='lat' dir='ltr'>quid?</span> <span class='ocrx_word' id='word_1_19' title='bbox 658 522 945 579; x_wconf 78' lang='lat' dir='ltr'><strong>credebas</strong></span> <span class='ocrx_word' id='word_1_20' title='bbox 965 524 1291 582; x_wconf 76' lang='lat' dir='ltr'>dormienti</span> <span class='ocrx_word' id='word_1_21' title='bbox 1310 526 1459 583; x_wconf 88' lang='lat' dir='ltr'>haec</span> <span class='ocrx_word' id='word_1_22' title='bbox 1483 529 1593 583; x_wconf 92' lang='lat' dir='ltr'>tibi</span> <span class='ocrx_word' id='word_1_23' title='bbox 1619 529 1997 586; x_wconf 87' lang='lat' dir='ltr'>confecturos</span> <span class='ocrx_word' id='word_1_24' title='bbox 2017 531 2200 588; x_wconf 84' lang='lat' dir='ltr'>deos?</span> 
     </span>
    </p>
   </div>
   <div class='ocr_carea' id='block_1_4' title="bbox 447 603 2159 743">
    <p class='ocr_par' dir='ltr' id='par_1_4' title="bbox 447 603 2159 743">
     <span class='ocr_line' id='line_1_5' title="bbox 447 603 2159 677; baseline 0.007 -19"><span class='ocrx_word' id='word_1_25' title='bbox 447 611 511 659; x_wconf 86' lang='lat' dir='ltr'>et</span> <span class='ocrx_word' id='word_1_26' title='bbox 541 603 705 659; x_wconf 80' lang='lat' dir='ltr'>illam</span> <span class='ocrx_word' id='word_1_27' title='bbox 735 610 864 661; x_wconf 88' lang='lat' dir='ltr'>sine</span> <span class='ocrx_word' id='word_1_28' title='bbox 905 615 1009 662; x_wconf 82' lang='lat' dir='ltr'>tua</span> <span class='ocrx_word' id='word_1_29' title='bbox 1051 628 1232 677; x_wconf 87' lang='lat' dir='ltr'>opera</span> <span class='ocrx_word' id='word_1_30' title='bbox 1260 613 1324 665; x_wconf 92' lang='lat' dir='ltr'>in</span> <span class='ocrx_word' id='word_1_31' title='bbox 1354 611 1697 668; x_wconf 89' lang='lat' dir='ltr'>cubiculum</span> <span class='ocrx_word' id='word_1_32' title='bbox 1726 617 1798 668; x_wconf 90' lang='lat' dir='ltr'>iri</span> <span class='ocrx_word' id='word_1_33' title='bbox 1828 613 2159 670; x_wconf 82' lang='lat' dir='ltr'>deductum</span> 
     </span>
     <span class='ocr_line' id='line_1_6' title="bbox 529 686 818 743; baseline 0.003 -1"><span class='ocrx_word' id='word_1_34' title='bbox 529 686 774 743; x_wconf 88' lang='lat' dir='ltr'>domum</span> <span class='ocrx_word' id='word_1_35' title='bbox 797 690 818 743; x_wconf 88' lang='lat'>?</span> 
     </span>
    </p>
   </div>
   <div class='ocr_carea' id='block_1_5' title="bbox 446 770 2134 925">
    <p class='ocr_par' dir='ltr' id='par_1_5' title="bbox 446 770 2134 925">
     <span class='ocr_line' id='line_1_7' title="bbox 446 770 2134 836; baseline 0.007 -12"><span class='ocrx_word' id='word_1_36' title='bbox 446 770 634 825; x_wconf 87' lang='lat' dir='ltr'>nolim</span> <span class='ocrx_word' id='word_1_37' title='bbox 663 779 1000 827; x_wconf 89' lang='lat' dir='ltr'>ceterarum</span> <span class='ocrx_word' id='word_1_38' title='bbox 1031 794 1231 830; x_wconf 90' lang='lat' dir='ltr'>rerum</span> <span class='ocrx_word' id='word_1_39' title='bbox 1260 782 1324 831; x_wconf 88' lang='lat' dir='ltr'>te</span> <span class='ocrx_word' id='word_1_40' title='bbox 1355 777 1664 833; x_wconf 83' lang='lat' dir='ltr'>socordem</span> <span class='ocrx_word' id='word_1_41' title='bbox 1696 778 1910 835; x_wconf 89' lang='lat' dir='ltr'>eodem</span> <span class='ocrx_word' id='word_1_42' title='bbox 1942 780 2134 836; x_wconf 74' lang='lat' dir='ltr'>modo,</span> 
     </span>
     <span class='ocr_line' id='line_1_8' title="bbox 448 854 1586 925; baseline 0.006 -17"><span class='ocrx_word' id='word_1_43' title='bbox 448 854 605 910; x_wconf 88' lang='lat' dir='ltr'>bono</span> <span class='ocrx_word' id='word_1_44' title='bbox 622 858 823 911; x_wconf 88' lang='lat' dir='ltr'>animo</span> <span class='ocrx_word' id='word_1_45' title='bbox 843 875 926 925; x_wconf 90' lang='lat' dir='ltr'>es,</span> <span class='ocrx_word' id='word_1_46' title='bbox 946 856 1129 913; x_wconf 92' lang='lat' dir='ltr'>duces</span> <span class='ocrx_word' id='word_1_47' title='bbox 1152 878 1397 914; x_wconf 81' lang='lat' dir='ltr'>uxorem</span> <span class='ocrx_word' id='word_1_48' title='bbox 1416 859 1586 916; x_wconf 89' lang='lat' dir='ltr'>hanc.</span> 
     </span>
    </p>
   </div>
   <div class='ocr_carea' id='block_1_6' title="bbox 180 937 2367 2758">
    <p class='ocr_par' dir='ltr' id='par_1_6' title="bbox 185 937 1427 998">
     <span class='ocr_line' id='line_1_9' title="bbox 185 937 1427 998; baseline 0.006 -7"><span class='ocrx_word' id='word_1_49' title='bbox 185 937 309 992; x_wconf 78' lang='lat' dir='ltr'>Aes.</span> <span class='ocrx_word' id='word_1_50' title='bbox 1271 942 1427 998; x_wconf 88' lang='lat' dir='ltr'>hem.</span> 
     </span>
    </p>

    <p class='ocr_par' dir='ltr' id='par_1_7' title="bbox 183 1019 2074 1096">
     <span class='ocr_line' id='line_1_10' title="bbox 183 1019 2074 1096; baseline 0.005 -20"><span class='ocrx_word' id='word_1_51' title='bbox 183 1019 360 1076; x_wconf 80' lang='lat' dir='ltr'>Micio</span> <span class='ocrx_word' id='word_1_52' title='bbox 1339 1027 1496 1081; x_wconf 92' lang='lat' dir='ltr'>bono</span> <span class='ocrx_word' id='word_1_53' title='bbox 1515 1030 1759 1096; x_wconf 87' lang='lat' dir='ltr'>inquam</span> <span class='ocrx_word' id='word_1_54' title='bbox 1778 1033 1976 1084; x_wconf 88' lang='lat' dir='ltr'>animo</span> <span class='ocrx_word' id='word_1_55' title='bbox 1997 1050 2074 1085; x_wconf 85' lang='lat' dir='ltr'>eS.</span> 
     </span>
    </p>

    <p class='ocr_par' dir='ltr' id='par_1_8' title="bbox 190 1103 2165 1256">
     <span class='ocr_line' id='line_1_11' title="bbox 190 1103 2165 1182; baseline 0.006 -24"><span class='ocrx_word' id='word_1_56' title='bbox 190 1103 311 1158; x_wconf 76' lang='lat' dir='ltr'>Aes,</span> <span class='ocrx_word' id='word_1_57' title='bbox 1974 1121 2165 1182; x_wconf 88' lang='lat' dir='ltr'>pater,</span> 
     </span>
     <span class='ocr_line' id='line_1_12' title="bbox 449 1188 1543 1256; baseline 0.004 -13"><span class='ocrx_word' id='word_1_58' title='bbox 449 1188 715 1256; x_wconf 87' lang='lat' dir='ltr'>obsecr0‚</span> <span class='ocrx_word' id='word_1_59' title='bbox 746 1209 891 1245; x_wconf 90' lang='lat' dir='ltr'>num</span> <span class='ocrx_word' id='word_1_60' title='bbox 922 1189 1079 1246; x_wconf 90' lang='lat' dir='ltr'>ludis</span> <span class='ocrx_word' id='word_1_61' title='bbox 1109 1211 1271 1246; x_wconf 86' lang='lat' dir='ltr'>nunc</span> <span class='ocrx_word' id='word_1_62' title='bbox 1301 1198 1366 1247; x_wconf 87' lang='lat' dir='ltr'>tu</span> <span class='ocrx_word' id='word_1_63' title='bbox 1401 1212 1497 1247; x_wconf 92' lang='lat' dir='ltr'>me</span> <span class='ocrx_word' id='word_1_64' title='bbox 1523 1193 1543 1247; x_wconf 86' lang='lat'>?</span> 
     </span>
    </p>

    <p class='ocr_par' dir='ltr' id='par_1_9' title="bbox 185 1268 2041 1345">
     <span class='ocr_line' id='line_1_13' title="bbox 185 1268 2041 1345; baseline 0.005 -21"><span class='ocrx_word' id='word_1_65' title='bbox 185 1268 361 1325; x_wconf 73' lang='lat' dir='ltr'>Micio</span> <span class='ocrx_word' id='word_1_66' title='bbox 1276 1295 1389 1344; x_wconf 80' lang='lat' dir='ltr'>ego</span> <span class='ocrx_word' id='word_1_67' title='bbox 1413 1283 1476 1331; x_wconf 92' lang='lat' dir='ltr'>te</span> <span class='ocrx_word' id='word_1_68' title='bbox 1500 1276 1522 1330; x_wconf 86' lang='lat'>?</span> <span class='ocrx_word' id='word_1_69' title='bbox 1552 1296 1730 1345; x_wconf 82' lang='lat' dir='ltr'>quam</span> <span class='ocrx_word' id='word_1_70' title='bbox 1762 1279 1838 1333; x_wconf 92' lang='lat' dir='ltr'>ob</span> <span class='ocrx_word' id='word_1_71' title='bbox 1869 1298 1994 1333; x_wconf 86' lang='lat' dir='ltr'>rem</span> <span class='ocrx_word' id='word_1_72' title='bbox 2019 1279 2041 1333; x_wconf 88' lang='lat'>?</span> 
     </span>
    </p>

    <p class='ocr_par' dir='ltr' id='par_1_10' title="bbox 186 1353 2166 1512">
     <span class='ocr_line' id='line_1_14' title="bbox 186 1353 2163 1418; baseline 0.005 -11"><span class='ocrx_word' id='word_1_73' title='bbox 186 1353 312 1408; x_wconf 76' lang='lat' dir='ltr'>Aes,</span> <span class='ocrx_word' id='word_1_74' title='bbox 1924 1365 2163 1418; x_wconf 85' lang='lat' dir='ltr'>nescio:</span> 
     </span>
     <span class='ocr_line' id='line_1_15' title="bbox 449 1439 2166 1512; baseline 0.005 -21"><span class='ocrx_word' id='word_1_75' title='bbox 449 1442 588 1506; x_wconf 85' lang='lat' dir='ltr'>quia</span> <span class='ocrx_word' id='word_1_76' title='bbox 628 1446 753 1493; x_wconf 87' lang='lat' dir='ltr'>tam</span> <span class='ocrx_word' id='word_1_77' title='bbox 791 1443 1008 1495; x_wconf 81' lang='lat' dir='ltr'>misere</span> <span class='ocrx_word' id='word_1_78' title='bbox 1050 1439 1162 1495; x_wconf 90' lang='lat' dir='ltr'>hoc</span> <span class='ocrx_word' id='word_1_79' title='bbox 1204 1460 1332 1497; x_wconf 90' lang='lat' dir='ltr'>esse</span> <span class='ocrx_word' id='word_1_80' title='bbox 1370 1446 1545 1511; x_wconf 90' lang='lat' dir='ltr'>cupio</span> <span class='ocrx_word' id='word_1_81' title='bbox 1582 1462 1809 1512; x_wconf 88' lang='lat' dir='ltr'>verum,</span> <span class='ocrx_word' id='word_1_82' title='bbox 1850 1463 1922 1499; x_wconf 92' lang='lat' dir='ltr'>eo</span> <span class='ocrx_word' id='word_1_83' title='bbox 1957 1465 2166 1500; x_wconf 89' lang='lat' dir='ltr'>vereor</span> 
     </span>
    </p>

    <p class='ocr_par' dir='ltr' id='par_1_11' title="bbox 533 1526 736 1590">
     <span class='ocr_line' id='line_1_16' title="bbox 533 1526 736 1590; baseline 0 -15"><span class='ocrx_word' id='word_1_84' title='bbox 533 1526 736 1590; x_wconf 83' lang='lat' dir='ltr'>magis.</span> 
     </span>
    </p>

    <p class='ocr_par' dir='ltr' id='par_1_12' title="bbox 184 1602 2239 1675">
     <span class='ocr_line' id='line_1_17' title="bbox 184 1602 2239 1675; baseline 0.004 -18"><span class='ocrx_word' id='word_1_85' title='bbox 184 1602 361 1658; x_wconf 76' lang='lat' dir='ltr'>Micio</span> <span class='ocrx_word' id='word_1_86' title='bbox 447 1604 542 1658; x_wconf 87' lang='lat' dir='ltr'>abi</span> <span class='ocrx_word' id='word_1_87' title='bbox 563 1604 807 1659; x_wconf 89' lang='lat' dir='ltr'>domum</span> <span class='ocrx_word' id='word_1_88' title='bbox 827 1625 895 1660; x_wconf 83' lang='lat' dir='ltr'>ac</span> <span class='ocrx_word' id='word_1_89' title='bbox 916 1605 1060 1661; x_wconf 87' lang='lat' dir='ltr'>deos</span> <span class='ocrx_word' id='word_1_90' title='bbox 1080 1626 1439 1675; x_wconf 77' lang='lat' dir='ltr'>conprecare</span> <span class='ocrx_word' id='word_1_91' title='bbox 1461 1615 1528 1663; x_wconf 83' lang='lat' dir='ltr'>ut</span> <span class='ocrx_word' id='word_1_92' title='bbox 1550 1628 1794 1664; x_wconf 84' lang='lat' dir='ltr'>uxorem</span> <span class='ocrx_word' id='word_1_93' title='bbox 1814 1630 2077 1665; x_wconf 82' lang='lat' dir='ltr'>accersas</span> <span class='ocrx_word' id='word_1_94' title='bbox 2097 1631 2108 1665; x_wconf 82' lang='lat' dir='ltr'>z</span> <span class='ocrx_word' id='word_1_95' title='bbox 2128 1612 2239 1666; x_wconf 89' lang='lat' dir='ltr'>abi.</span> 
     </span>
    </p>

    <p class='ocr_par' dir='ltr' id='par_1_13' title="bbox 185 1686 2367 1756">
     <span class='ocr_line' id='line_1_18' title="bbox 185 1686 2367 1756; baseline 0.004 -15"><span class='ocrx_word' id='word_1_96' title='bbox 185 1686 234 1740; x_wconf 89' lang='lat' dir='ltr'><em>A</em></span> <span class='ocrx_word' id='word_1_97' title='bbox 242 1707 311 1741; x_wconf 79' lang='lat' dir='ltr'>eS.</span> <span class='ocrx_word' id='word_1_98' title='bbox 450 1687 595 1756; x_wconf 92' lang='lat' dir='ltr'>quid</span> <span class='ocrx_word' id='word_1_99' title='bbox 618 1689 639 1742; x_wconf 92' lang='lat'>?</span> <span class='ocrx_word' id='word_1_100' title='bbox 670 1692 787 1742; x_wconf 88' lang='lat' dir='ltr'>iam</span> <span class='ocrx_word' id='word_1_101' title='bbox 818 1708 1065 1744; x_wconf 83' lang='lat' dir='ltr'>uxorem</span> <span class='ocrx_word' id='word_1_102' title='bbox 1088 1691 1108 1743; x_wconf 74' lang='grc' dir='ltr'><strong><em>Ρ</em></strong></span> <span class='ocrx_word' id='word_1_103' title='bbox 2251 1697 2367 1755; x_wconf 91' lang='grc'>700</span> 
     </span>
    </p>

    <p class='ocr_par' dir='ltr' id='par_1_14' title="bbox 186 1768 1198 1827">
     <span class='ocr_line' id='line_1_19' title="bbox 186 1768 1198 1827; baseline 0.003 -3"><span class='ocrx_word' id='word_1_104' title='bbox 186 1768 359 1825; x_wconf 79' lang='lat' dir='ltr'>Micio</span> <span class='ocrx_word' id='word_1_105' title='bbox 1065 1777 1198 1827; x_wconf 88' lang='lat' dir='ltr'>iam.</span> 
     </span>
    </p>

    <p class='ocr_par' dir='ltr' id='par_1_15' title="bbox 185 1853 1310 1911">
     <span class='ocr_line' id='line_1_20' title="bbox 185 1853 1310 1911; baseline 0.004 -4"><span class='ocrx_word' id='word_1_106' title='bbox 185 1853 233 1907; x_wconf 93' lang='lat' dir='ltr'><em>A</em></span> <span class='ocrx_word' id='word_1_107' title='bbox 241 1873 311 1908; x_wconf 78' lang='lat' dir='ltr'>es,</span> <span class='ocrx_word' id='word_1_108' title='bbox 1148 1859 1266 1910; x_wconf 89' lang='lat' dir='ltr'>iam</span> <span class='ocrx_word' id='word_1_109' title='bbox 1288 1857 1310 1911; x_wconf 87' lang='lat'>?</span> 
     </span>
    </p>

    <p class='ocr_par' dir='ltr' id='par_1_16' title="bbox 185 1935 1894 2010">
     <span class='ocr_line' id='line_1_21' title="bbox 185 1935 1894 2010; baseline 0.004 -20"><span class='ocrx_word' id='word_1_110' title='bbox 185 1935 360 1992; x_wconf 80' lang='lat' dir='ltr'>Micio</span> <span class='ocrx_word' id='word_1_111' title='bbox 1233 1943 1347 1993; x_wconf 88' lang='lat' dir='ltr'>iam</span> <span class='ocrx_word' id='word_1_112' title='bbox 1383 1948 1673 2008; x_wconf 78' lang='lat' dir='ltr'>quantum</span> <span class='ocrx_word' id='word_1_113' title='bbox 1706 1948 1894 2010; x_wconf 84' lang='lat' dir='ltr'>potes.</span> 
     </span>
    </p>

    <p class='ocr_par' dir='ltr' id='par_1_17' title="bbox 187 2020 2160 2174">
     <span class='ocr_line' id='line_1_22' title="bbox 187 2020 2160 2094; baseline 0.004 -21"><span class='ocrx_word' id='word_1_114' title='bbox 187 2020 310 2074; x_wconf 76' lang='lat' dir='ltr'>Aes,</span> <span class='ocrx_word' id='word_1_115' title='bbox 1730 2023 1791 2078; x_wconf 89' lang='lat' dir='ltr'>di</span> <span class='ocrx_word' id='word_1_116' title='bbox 1821 2043 1939 2093; x_wconf 89' lang='lat' dir='ltr'>me,</span> <span class='ocrx_word' id='word_1_117' title='bbox 1970 2032 2160 2094; x_wconf 82' lang='lat' dir='ltr'>pater,</span> 
     </span>
     <span class='ocr_line' id='line_1_23' title="bbox 447 2103 2160 2174; baseline 0.003 -16"><span class='ocrx_word' id='word_1_118' title='bbox 447 2123 656 2160; x_wconf 90' lang='lat' dir='ltr'>omnes</span> <span class='ocrx_word' id='word_1_119' title='bbox 686 2103 945 2173; x_wconf 89' lang='lat' dir='ltr'>oderint,</span> <span class='ocrx_word' id='word_1_120' title='bbox 976 2108 1039 2159; x_wconf 94' lang='lat' dir='ltr'>ni</span> <span class='ocrx_word' id='word_1_121' title='bbox 1067 2109 1258 2174; x_wconf 88' lang='lat' dir='ltr'>magis</span> <span class='ocrx_word' id='word_1_122' title='bbox 1288 2113 1350 2161; x_wconf 87' lang='lat' dir='ltr'>te</span> <span class='ocrx_word' id='word_1_123' title='bbox 1384 2126 1561 2174; x_wconf 87' lang='lat' dir='ltr'>quam</span> <span class='ocrx_word' id='word_1_124' title='bbox 1594 2106 1794 2162; x_wconf 92' lang='lat' dir='ltr'>oculos</span> <span class='ocrx_word' id='word_1_125' title='bbox 1825 2127 1986 2163; x_wconf 92' lang='lat' dir='ltr'>nunc</span> <span class='ocrx_word' id='word_1_126' title='bbox 2026 2127 2160 2163; x_wconf 90' lang='lat' dir='ltr'>amo</span> 
     </span>
    </p>

    <p class='ocr_par' dir='ltr' id='par_1_18' title="bbox 530 2207 711 2243">
     <span class='ocr_line' id='line_1_24' title="bbox 530 2207 711 2243; baseline 0 -1"><span class='ocrx_word' id='word_1_127' title='bbox 530 2207 711 2243; x_wconf 88' lang='lat' dir='ltr'>meos.</span> 
     </span>
    </p>

    <p class='ocr_par' dir='ltr' id='par_1_19' title="bbox 186 2269 1082 2340">
     <span class='ocr_line' id='line_1_25' title="bbox 186 2269 1082 2340; baseline 0.001 -16"><span class='ocrx_word' id='word_1_128' title='bbox 186 2269 359 2326; x_wconf 84' lang='lat' dir='ltr'>Micio</span> <span class='ocrx_word' id='word_1_129' title='bbox 444 2269 633 2339; x_wconf 89' lang='lat' dir='ltr'>quid?</span> <span class='ocrx_word' id='word_1_130' title='bbox 664 2290 844 2340; x_wconf 88' lang='lat' dir='ltr'>quam</span> <span class='ocrx_word' id='word_1_131' title='bbox 873 2269 1082 2326; x_wconf 84' lang='lat' dir='ltr'>illam?</span> 
     </span>
    </p>

    <p class='ocr_par' dir='ltr' id='par_1_20' title="bbox 185 2354 1205 2423">
     <span class='ocr_line' id='line_1_26' title="bbox 185 2354 1205 2423; baseline 0.001 -15"><span class='ocrx_word' id='word_1_132' title='bbox 185 2354 229 2408; x_wconf 86' lang='lat' dir='ltr'><em>A</em></span> <span class='ocrx_word' id='word_1_133' title='bbox 239 2373 295 2408; x_wconf 78' lang='lat' dir='ltr'>es</span> <span class='ocrx_word' id='word_1_134' title='bbox 997 2374 1205 2423; x_wconf 88' lang='lat' dir='ltr'>aeque.</span> 
     </span>
    </p>

    <p class='ocr_par' dir='ltr' id='par_1_21' title="bbox 183 2435 1493 2508">
     <span class='ocr_line' id='line_1_27' title="bbox 183 2435 1493 2508; baseline 0.002 -17"><span class='ocrx_word' id='word_1_135' title='bbox 183 2435 358 2492; x_wconf 81' lang='lat' dir='ltr'>Micio</span> <span class='ocrx_word' id='word_1_136' title='bbox 1103 2439 1493 2508; x_wconf 85' lang='lat' dir='ltr'>perbenigne.</span> 
     </span>
    </p>

    <p class='ocr_par' dir='ltr' id='par_1_22' title="bbox 185 2520 2154 2590">
     <span class='ocr_line' id='line_1_28' title="bbox 185 2520 2154 2590; baseline 0.002 -14"><span class='ocrx_word' id='word_1_137' title='bbox 185 2520 307 2576; x_wconf 78' lang='lat' dir='ltr'>AeS.</span> <span class='ocrx_word' id='word_1_138' title='bbox 1308 2521 1453 2590; x_wconf 91' lang='lat' dir='ltr'>quid</span> <span class='ocrx_word' id='word_1_139' title='bbox 1476 2523 1497 2576; x_wconf 90' lang='lat'>?</span> <span class='ocrx_word' id='word_1_140' title='bbox 1528 2522 1630 2578; x_wconf 91' lang='lat' dir='ltr'>ille</span> <span class='ocrx_word' id='word_1_141' title='bbox 1654 2522 1816 2578; x_wconf 88' lang='lat' dir='ltr'>ubist</span> <span class='ocrx_word' id='word_1_142' title='bbox 1841 2522 2111 2579; x_wconf 88' lang='lat' dir='ltr'>Milesius</span> <span class='ocrx_word' id='word_1_143' title='bbox 2132 2522 2154 2578; x_wconf 71' lang='grc' dir='ltr'><strong><em>ἶ</em></strong></span> 
     </span>
    </p>

    <p class='ocr_par' dir='ltr' id='par_1_23' title="bbox 181 2601 2009 2674">
     <span class='ocr_line' id='line_1_29' title="bbox 181 2601 2009 2674; baseline 0.002 -17"><span class='ocrx_word' id='word_1_144' title='bbox 181 2601 357 2658; x_wconf 82' lang='lat' dir='ltr'>Micio</span> <span class='ocrx_word' id='word_1_145' title='bbox 442 2607 658 2672; x_wconf 81' lang='lat' dir='ltr'>periit:</span> <span class='ocrx_word' id='word_1_146' title='bbox 688 2604 857 2672; x_wconf 78' lang='lat' dir='ltr'>abiit,</span> <span class='ocrx_word' id='word_1_147' title='bbox 887 2623 1103 2659; x_wconf 86' lang='lat' dir='ltr'>navem</span> <span class='ocrx_word' id='word_1_148' title='bbox 1133 2604 1420 2661; x_wconf 88' lang='lat' dir='ltr'>ascendit.</span> <span class='ocrx_word' id='word_1_149' title='bbox 1470 2605 1578 2661; x_wconf 91' lang='lat' dir='ltr'>sed</span> <span class='ocrx_word' id='word_1_150' title='bbox 1602 2625 1751 2674; x_wconf 90' lang='lat' dir='ltr'>quor</span> <span class='ocrx_word' id='word_1_151' title='bbox 1773 2607 2009 2662; x_wconf 87' lang='lat' dir='ltr'>cessas?</span> 
     </span>
    </p>

    <p class='ocr_par' dir='ltr' id='par_1_24' title="bbox 180 2686 2156 2758">
     <span class='ocr_line' id='line_1_30' title="bbox 180 2686 2156 2758; baseline 0.002 -16"><span class='ocrx_word' id='word_1_152' title='bbox 180 2686 304 2742; x_wconf 76' lang='lat' dir='ltr'>AeS.</span> <span class='ocrx_word' id='word_1_153' title='bbox 1799 2689 1918 2758; x_wconf 89' lang='lat' dir='ltr'>abi,</span> <span class='ocrx_word' id='word_1_154' title='bbox 1947 2695 2156 2758; x_wconf 83' lang='lat' dir='ltr'>pater:</span> 
     </span>
    </p>
   </div>
   <div class='ocr_carea' id='block_1_7' title="bbox 183 2767 2156 3246">
    <p class='ocr_par' dir='ltr' id='par_1_25' title="bbox 183 2767 2156 3246">
     <span class='ocr_line' id='line_1_31' title="bbox 443 2767 2153 2839; baseline 0.001 -16"><span class='ocrx_word' id='word_1_155' title='bbox 443 2775 510 2823; x_wconf 84' lang='lat' dir='ltr'>tu</span> <span class='ocrx_word' id='word_1_156' title='bbox 540 2772 740 2839; x_wconf 87' lang='lat' dir='ltr'>potius</span> <span class='ocrx_word' id='word_1_157' title='bbox 763 2767 909 2826; x_wconf 90' lang='lat' dir='ltr'>deos</span> <span class='ocrx_word' id='word_1_158' title='bbox 940 2789 1301 2839; x_wconf 88' lang='lat' dir='ltr'>conprecare</span> <span class='ocrx_word' id='word_1_159' title='bbox 1324 2789 1339 2838; x_wconf 91' lang='lat'>;</span> <span class='ocrx_word' id='word_1_160' title='bbox 1373 2790 1514 2826; x_wconf 84' lang='lat' dir='ltr'>nam</span> <span class='ocrx_word' id='word_1_161' title='bbox 1543 2771 1656 2826; x_wconf 91' lang='lat' dir='ltr'>tibi</span> <span class='ocrx_word' id='word_1_162' title='bbox 1687 2789 1789 2827; x_wconf 91' lang='lat' dir='ltr'>eos</span> <span class='ocrx_word' id='word_1_163' title='bbox 1818 2778 1984 2827; x_wconf 87' lang='lat' dir='ltr'>certo</span> <span class='ocrx_word' id='word_1_164' title='bbox 2013 2775 2153 2838; x_wconf 88' lang='lat' dir='ltr'>scio,</span> 
     </span>
     <span class='ocr_line' id='line_1_32' title="bbox 441 2851 2156 2923; baseline 0.002 -18"><span class='ocrx_word' id='word_1_165' title='bbox 441 2871 559 2920; x_wconf 90' lang='lat' dir='ltr'>quo</span> <span class='ocrx_word' id='word_1_166' title='bbox 589 2856 678 2907; x_wconf 90' lang='lat' dir='ltr'>vir</span> <span class='ocrx_word' id='word_1_167' title='bbox 705 2851 918 2908; x_wconf 91' lang='lat' dir='ltr'>melior</span> <span class='ocrx_word' id='word_1_168' title='bbox 946 2852 1138 2908; x_wconf 85' lang='lat' dir='ltr'>multo</span> <span class='ocrx_word' id='word_1_169' title='bbox 1170 2873 1232 2909; x_wconf 89' lang='lat' dir='ltr'>es</span> <span class='ocrx_word' id='word_1_170' title='bbox 1263 2873 1442 2922; x_wconf 88' lang='lat' dir='ltr'>quam</span> <span class='ocrx_word' id='word_1_171' title='bbox 1473 2873 1607 2922; x_wconf 85' lang='lat' dir='ltr'>eg0,</span> <span class='ocrx_word' id='word_1_172' title='bbox 1637 2854 2156 2923; x_wconf 79' lang='lat' dir='ltr'>obtemperaturos</span> 
     </span>
     <span class='ocr_line' id='line_1_33' title="bbox 524 2939 728 3003; baseline 0.01 -15"><span class='ocrx_word' id='word_1_173' title='bbox 524 2939 728 3003; x_wconf 79' lang='lat' dir='ltr'>magis,</span> 
     </span>
     <span class='ocr_line' id='line_1_34' title="bbox 183 3016 2154 3091; baseline 0.001 -18"><span class='ocrx_word' id='word_1_174' title='bbox 183 3016 353 3074; x_wconf 82' lang='lat' dir='ltr'>Micio</span> <span class='ocrx_word' id='word_1_175' title='bbox 438 3036 553 3086; x_wconf 83' lang='lat' dir='ltr'>ego</span> <span class='ocrx_word' id='word_1_176' title='bbox 583 3036 654 3072; x_wconf 92' lang='lat' dir='ltr'>eo</span> <span class='ocrx_word' id='word_1_177' title='bbox 685 3021 864 3087; x_wconf 87' lang='lat' dir='ltr'>intr0,</span> <span class='ocrx_word' id='word_1_178' title='bbox 893 3025 965 3075; x_wconf 86' lang='lat' dir='ltr'>ut</span> <span class='ocrx_word' id='word_1_179' title='bbox 993 3038 1147 3088; x_wconf 77' lang='lat' dir='ltr'>quae</span> <span class='ocrx_word' id='word_1_180' title='bbox 1177 3038 1326 3089; x_wconf 90' lang='lat' dir='ltr'>opus</span> <span class='ocrx_word' id='word_1_181' title='bbox 1355 3025 1499 3077; x_wconf 88' lang='lat' dir='ltr'>sunt</span> <span class='ocrx_word' id='word_1_182' title='bbox 1521 3025 1846 3091; x_wconf 68' lang='lat' dir='ltr'>parentur-t</span> <span class='ocrx_word' id='word_1_183' title='bbox 1875 3026 1942 3075; x_wconf 88' lang='lat' dir='ltr'>tu</span> <span class='ocrx_word' id='word_1_184' title='bbox 1969 3017 2061 3074; x_wconf 89' lang='lat' dir='ltr'>fac</span> <span class='ocrx_word' id='word_1_185' title='bbox 2083 3024 2154 3075; x_wconf 84' lang='lat' dir='ltr'>ut</span> 
     </span>
     <span class='ocr_line' id='line_1_35' title="bbox 521 3098 1031 3170; baseline 0.008 -16"><span class='ocrx_word' id='word_1_186' title='bbox 521 3098 666 3168; x_wconf 86' lang='lat' dir='ltr'>dixi,</span> <span class='ocrx_word' id='word_1_187' title='bbox 695 3105 743 3156; x_wconf 88' lang='lat' dir='ltr'>si</span> <span class='ocrx_word' id='word_1_188' title='bbox 774 3106 1031 3170; x_wconf 71' lang='lat' dir='ltr'>sapis—-</span> 
     </span>
     <span class='ocr_line' id='line_1_36' title="bbox 441 3187 560 3246; baseline 0 -9"><span class='ocrx_word' id='word_1_189' title='bbox 441 3187 560 3246; x_wconf 76' lang='lat'>290</span> 
     </span>
    </p>
   </div>
  </div>
 </body>
</html>
