2352 3724
658 249 1016 309 PUBLIUS
1059 250 1422 309 TERENTI
1433 254 1531 311 US
1576 255 1795 310 AFER

105 368 256 423 Pam.
363 367 461 425 dic
482 373 584 438 mi,
609 369 822 426 harum
843 390 1047 428 rerum
1068 391 1217 428 num
1240 372 1388 442 quid
1409 373 1564 428 dixti
1586 393 1724 429 meo
1745 377 1942 445 patri?

100 450 340 507 Bacch-is
1505 456 1607 511 nil.

106 533 259 589 Pam.
1602 559 1802 608 neque
1823 560 1970 610 opus
1992 550 2084 597 est

368 615 523 673 adeo
571 619 837 671 muttitO.
933 635 1058 673 non
1102 617 1307 688 placet
1355 618 1484 676 fieri
1535 620 1649 677 hoc
1700 627 1849 678 item
1903 632 1971 679 ut
2022 629 2082 679 in

454 698 797 767 comoedjis,

369 785 571 838 omnia
603 801 812 838 omnes
847 783 952 838 ubi
985 787 1332 840 resciscunt.
1422 784 1522 842 1110
1560 806 1707 856 quos
1744 787 1943 845 fuerat
1977 809 2084 859 par

452 868 794 934 resciscere,

370 952 599 1015 sciunt3
657 968 804 1017 quos
860 955 1066 1004 autem
1112 970 1234 1004 non
1292 954 1441 1007 scire
1499 961 1831 1023 aequomst,
1884 974 2084 1024 neque

454 1034 782 1087 resciscent
808 1050 1010 1101 neque
1041 1036 1250 1089 scient.

104 1113 358 1170 Bacchis,
386 1118 571 1169 immo
600 1118 786 1170 etiam
815 1118 918 1183 qui
946 1114 1062 1171 hoc
1091 1115 1378 1171 occultari
1408 1115 1640 1173 facilius
1671 1119 1879 1175 credas
1909 1119 2079 1175 dabo,

372 1197 644 1266 Myrrina
670 1200 758 1252 ita
789 1196 1088 1268 Phidippo
1118 1198 1271 1255 dixit
1300 1203 1429 1255 iure
1458 1201 1710 1256 iurando
1739 1221 1876 1257 meo

371 1299 434 1337 se
459 1280 642 1336 fidem
662 1277 943 1337 habuisse
966 1288 1031 1337 et
1052 1289 1374 1351 propterea
1394 1290 1459 1338 te
1482 1284 1595 1339 sibi
1616 1292 1955 1353 purgatum.

107 1363 264 1419 Pam.
1748 1375 2055 1436 optumest
2072 1388 2085 1423 ε

370 1465 666 1515 speroque
729 1445 886 1502 hanc
951 1465 1083 1502 rem
1149 1466 1280 1503 esse
1348 1456 1703 1504 eventuram
1768 1451 1940 1507 nobis
2007 1470 2081 1506 ex

457 1533 866 1585 sententia.—

107 1612 239 1669 Par.
374 1632 495 1682 ere,
538 1613 762 1669 licetne
802 1615 953 1669 scire
995 1632 1070 1669 ex
1114 1620 1179 1669 te
1219 1612 1422 1683 hodie,
1461 1614 1608 1684 quid
1648 1619 1726 1671 sit
1766 1616 1926 1685 quod
1967 1616 2083 1672 feci

454 1696 637 1753 boni?

369 1785 476 1835 aut
506 1778 651 1847 quid
679 1782 836 1835 istuc
866 1786 961 1835 est
990 1778 1151 1848 quod
1180 1798 1284 1836 vos
1313 1780 1530 1848 agitis?

110 1862 267 1918 Pam.
1395 1882 1518 1917 non
1547 1862 1706 1918 licet.

109 1946 243 2001 Par.
1554 1953 1759 2001 tamen
1791 1951 2084 2016 suspicor:

374 2045 489 2096 ego
518 2025 679 2081 hunc
709 2026 787 2081 ab
814 2043 954 2082 0100
981 2033 1284 2082 mortuom
1315 2046 1433 2097 quo
1464 2036 1672 2098 pacto,
1700 2073 1710 2083 .
1749 2030 1771 2083 ?

110 2111 268 2166 Pam.
1528 2115 1742 2181 nescis,
1777 2111 2089 2181 Parmen0‚

374 2200 667 2262 quantum
691 2191 871 2248 hodie
889 2190 1183 2262 profueris
1204 2191 1355 2248 mihi
1378 2199 1443 2250 et
1465 2212 1539 2249 ex
1559 2202 1786 2263 quanta
1801 2214 2087 2251 aerumna

459 2279 804 2333 extraxeris.

111 2360 244 2415 Par.
374 2360 559 2415 immo
589 2361 727 2427 sci0‚
757 2376 959 2428 neque
987 2356 1104 2414 hoc
1131 2357 1464 2428 inprudens
1493 2358 1627 2414 feci.

114 2443 269 2498 Pam,
1405 2460 1519 2510 ego
1548 2446 1702 2497 istuc
1733 2446 1875 2498 satis
1905 2446 2039 2498 scio.

115 2526 247 2581 Par.
1989 2525 2086 2593 ah,

374 2612 607 2663 temere
645 2608 965 2674 quicquam
1007 2604 1301 2661 Parmeno
1340 2613 1684 2675 praetereat
1725 2606 1888 2677 quod
1926 2606 2087 2663 facto

459 2707 599 2744 usus
631 2687 746 2743 sit?

114 2774 269 2829 Pam.
379 2789 631 2841 sequere
661 2789 760 2826 me
789 2773 968 2839 intr0,
1004 2769 1311 2826 Parmeno,

113 2857 246 2912 Par.
970 2872 1200 2922 sequor.
1279 2853 1562 2922 equidem
1585 2853 1719 2923 plus
1741 2853 1923 2911 hodie
1945 2854 2086 2911 boni

374 2935 494 2992 feci
565 2933 897 3005 inprudens
965 2955 1145 3005 quam
1218 2939 1412 2992 sciens
1480 2944 1624 2993 ante
1692 2936 1856 2993 hunc
1924 2936 2086 2993 diem

459 3038 760 3087 umquam.

115 3103 323 3160 Cantor
730 3099 1004 3170 plaudite
1019 3100 1034 3157 2

375 3189 496 3241 210

2174 1207 2291 1265 870

2175 2942 2292 2993 880
