2352 3724
936 325 1367 383 PROLOGVS
1398 315 1520 395 (11)

1053 439 1096 476 L.
1128 440 1394 477 Ammwvs

370 514 589 571 Orator
619 518 694 570 ad
727 536 827 571 vos
859 520 1033 572 venio
1065 525 1279 572 ornatu
1311 517 1572 587 prologi:

368 607 546 660 sinite
579 613 853 660 exorator
883 609 1012 673 sim,
1046 605 1260 661 eodem
1291 613 1360 662 ut
1392 610 1520 662 iure
1552 610 1642 662 uti
1673 625 1876 662 senem

372 691 549 748 liceat
579 714 696 762 quo
728 698 853 748 iure
885 714 1014 748 sum
1048 714 1184 749 usus
1214 694 1674 763 adulescentior,

372 801 550 837 novas
581 787 679 850 qui
714 790 951 837 exactas
983 782 1096 837 feei
1130 791 1197 837 ut
1228 787 1759 852 inveterascet-ent,

374 891 447 926 ne
479 891 613 925 cum
646 879 825 940 poeta
854 876 1145 939 scriptura
1177 880 1579 927 evanesceret.

372 964 429 1013 in
465 964 567 1025 eis,
600 980 744 1028 quas
774 964 1033 1029 primum
1065 961 1282 1015 Caecili
1315 961 1497 1016 didici
1528 981 1728 1029 novaS,

374 1053 588 1118 partim
620 1068 749 1103 sum
782 1069 984 1104 earum
1018 1057 1281 1117 exactuS,
1315 1054 1531 1119 partim
1563 1054 1656 1104 vix
1690 1055 1849 1106 steti.

372 1142 510 1207 quia
540 1139 762 1193 scibam
793 1137 1035 1192 dubiam
1067 1137 1371 1193 fortunam
1401 1157 1530 1194 esse
1561 1142 1912 1207 scaenicam,

373 1246 477 1295 spe
508 1230 737 1281 incerta
767 1234 999 1281 eertum
1029 1225 1176 1280 mihi
1206 1226 1473 1282 laborem
1502 1226 1734 1296 sustuli,

373 1315 613 1371 easdem
643 1334 823 1383 agere
854 1319 1043 1384 coepi,
1075 1323 1144 1371 ut
1172 1316 1248 1370 ab
1278 1314 1494 1372 eodem
1522 1315 1666 1372 alias
1695 1315 1987 1372 discerem

374 1424 573 1474 novas,
603 1403 890 1472 studiose,
920 1424 998 1460 ne
1030 1404 1196 1459 illum
1229 1405 1304 1459 ab
1335 1403 1534 1459 studio
1563 1404 1941 1460 abducerem.

374 1493 599 1564 perfeci
628 1500 698 1548 ut
727 1501 1174 1562 spectarentur:
1223 1494 1322 1548 ubi
1352 1500 1494 1549 sunt
1523 1497 1822 1562 cognitae,

376 1584 630 1653 placitae
662 1591 817 1637 sunt.
911 1586 993 1636 ita
1023 1590 1265 1651 poetam
1294 1585 1532 1637 restitui
1562 1586 1624 1636 in
1655 1586 1850 1637 locum

375 1693 559 1742 prope
591 1676 708 1725 iam
738 1679 1035 1726 remotum
1067 1674 1280 1726 iniuria
1309 1670 1711 1726 advorsarium

375 1761 451 1816 ab
480 1759 679 1816 studio
707 1767 890 1828 atque
921 1760 996 1813 ab
1027 1759 1227 1814 labore
1256 1766 1440 1827 atque
1475 1766 1605 1814 arte
1633 1762 1872 1814 musica.

377 1848 538 1919 quod
569 1852 615 1903 si
645 1851 999 1916 scripturam
1029 1851 1385 1916 sprevissem
1413 1850 1476 1901 in
1505 1850 1846 1916 praesentia

378 1946 443 1994 et
470 1941 534 1992 in
564 1936 929 1992 deterrendo
958 1935 1278 1991 voluissem
1307 1954 1550 2005 operam
1579 1954 1836 2004 sumere,

379 2035 447 2082 ut
477 2030 537 2081 in
568 2029 692 2081 otio
723 2033 882 2081 esset
911 2028 1110 2094 potius
1140 2044 1318 2092 quam
1349 2027 1412 2078 in
1440 2027 1717 2092 negotio:

379 2115 805 2171 deterruissem
835 2112 1010 2168 facile
1040 2132 1117 2168 ne
1147 2112 1291 2168 alias
1327 2112 1632 2167 scriberet.

379 2223 539 2258 nunc
563 2202 707 2271 quid
730 2209 953 2271 petam,
973 2221 1108 2256 mea
1130 2220 1305 2256 causa
1326 2219 1518 2269 aequo
1540 2201 1740 2255 animo
1763 2198 2082 2256 attendite.

386 2293 687 2360 Hecyram
717 2290 793 2346 ad
823 2310 925 2346 vos
954 2289 1170 2358 referO,
1202 2309 1381 2358 quam
1410 2287 1558 2343 mihi
1588 2308 1696 2358 per
1726 2288 2032 2344 silentium

382 2401 703 2450 numquam
780 2399 960 2448 agere
1031 2378 1353 2434 licitumst:
1437 2381 1524 2432 ita
1594 2396 1726 2432 eam
1797 2379 2093 2446 oppressit

461 2469 780 2525 calamitas.

381 2579 510 2614 eam
541 2558 946 2615 calamitatem
978 2564 1174 2612 vostra
1202 2555 1627 2625 intellegentia

379 2647 632 2716 sedabit,
663 2651 711 2702 si
742 2651 858 2702 erit
885 2646 1145 2701 adiutrix
1175 2653 1414 2701 nostrae
1443 2643 1789 2699 industriae.

380 2756 559 2805 quom
589 2739 848 2805 primum
879 2754 1011 2790 eam
1039 2754 1220 2803 agere
1251 2737 1441 2803 coepi,
1472 2732 1742 2802 pugilum
1774 2731 1980 2800 gloriar,

381 2828 667 2879 comitum
698 2831 1048 2892 conventUS,
1080 2826 1385 2892 strepitus,
1417 2821 1639 2876 clamor
1667 2820 2005 2886 mulierum,

382 2913 578 2969 fecere
608 2920 678 2968 ut
705 2920 849 2967 ante
877 2918 1119 2980 tempus
1149 2914 1375 2966 exirem
1405 2909 1575 2964 foraS.

385 3010 584 3057 vetere
614 3005 674 3055 in
706 3020 859 3055 nova
889 3003 1058 3068 coepi
1091 3003 1178 3054 uti
1209 2996 1665 3064 consuetudine,

379 3089 440 3139 in
471 3082 841 3153 experiundo
874 3090 941 3137 ut
972 3101 1195 3138 essem:
1241 3081 1436 3137 refero
1467 3079 1685 3135 denuo·

383 3173 492 3223 128

2217 613 2288 662 10

2208 1499 2284 1547 20

2219 2380 2296 2431 30

2328 3690 2352 3724 Μ
2332 3531 2352 3684 §sena
2341 3508 2346 3518 -
2339 3466 2342 3467 ¹
