2352 3724
114 352 200 408 So,

119 1898 244 1994 Ch'r.

118 2065 244 2160 Clir.

117 2437 243 2494 Chr.

111 2520 201 2576 So.

115 2602 241 2659 Chr.

108 2934 194 2992 So.

679 232 1029 290 PUBLIUS
1075 224 1546 291 TERENTIUS
1593 235 1809 289 AFER

377 352 538 422 quod
584 361 650 408 ut
694 353 955 409 facerem
987 361 1224 423 egestas
1263 373 1362 410 me
1403 355 1643 424 inpulit,
1675 375 1855 424 quom
1885 360 2096 413 scirem

461 436 722 492 infirmas
756 440 994 505 nuptias

380 519 556 575 hasce
589 539 736 586 esse,
765 527 832 575 ut
861 519 924 575 id
954 520 1349 589 consulerem,
1374 525 1607 577 interea
1630 525 1752 577 vita
1782 529 1850 577 ut
1879 525 1942 577 in
1966 529 2099 578 tuto

462 601 636 658 foret.

378 693 543 742 certe
575 685 811 755 edepol,
843 689 955 741 nisi
986 705 1084 741 me
1115 690 1348 742 animus
1381 686 1535 742 fallit
1575 695 1680 743 aut
1715 707 1925 757 parum
1965 707 2099 757 pro-

463 772 726 839 spiciunt
756 768 931 838 oculi,

380 871 552 909 meae
582 856 881 908 nutricem
913 859 1133 922 gnatae
1164 852 1354 908 vide0.

1209 955 1408 1005 neque
1438 935 1541 992 ille
1572 940 1988 1006 investigatur,

1776 1020 1920 1089 quid
1949 1021 2097 1088 ago?

379 1106 480 1173 qui
511 1106 638 1159 eius
668 1110 841 1172 pater
871 1109 979 1159 est.

502 1186 673 1255 adeO,
688 1205 902 1241 maneo
906 1230 923 1255 ‚
937 1184 1082 1241 dum
1093 1183 1244 1240 haec
1259 1205 1409 1254 quae
1424 1185 1689 1254 loquitur
1703 1189 1890 1254 magis
1906 1205 2199 1254 cognosco
2215 1187 2236 1239 ?

380 1270 542 1340 quod
555 1274 601 1326 si
617 1289 755 1326 eum
769 1257 1208 1338 nunczreperire
1223 1273 1464 1338 possim,
1479 1276 1574 1325 est
1586 1269 1670 1323 nil
1685 1268 1846 1338 quod
1859 1288 2078 1324 verear.

1921 1355 2049 1421 ipsa
2068 1359 2224 1407 east:

382 1436 720 1504 conloquar,

628 1523 758 1588 quis
789 1518 887 1573 hic
918 1518 1219 1587 loquitur?

1084 1601 1411 1671 Sophrona.

1292 1692 1355 1739 et
1384 1703 1588 1740 meum
1618 1704 1839 1739 nomen
1871 1683 2176 1738 nominat?

378 1772 607 1840 respice
636 1768 714 1824 ad
742 1787 857 1824 me.
2184 1770 2300 1825 740

709 1851 766 1908 di
801 1853 1047 1908 obsecro
1077 1869 1198 1919 νος,
1230 1857 1403 1906 estne
1433 1848 1532 1904 hic
1563 1849 1838 1919 Stilpho?

1785 1952 1922 1987 non.

1875 2015 2098 2083 negas?

377 2101 642 2158 concede
662 2101 803 2156 hinc
823 2121 858 2155 a
876 2101 1101 2156 foribus
1119 2098 1364 2169 paulum
1383 2102 1662 2154 istorsum
1682 2097 1873 2165 sodeS,
1898 2098 2221 2166 Sophrona.

379 2206 458 2242 ne
481 2206 578 2241 me
603 2189 751 2241 istoc
776 2188 1020 2239 nomine
1044 2182 1389 2252 appellassis
1413 2181 1678 2250 posthac.

1404 2264 1586 2333 quid?
1615 2282 1738 2319 non
1761 2263 2006 2319 obsecro
2032 2282 2104 2318 es

379 2372 559 2422 quem
590 2369 827 2420 semper
855 2357 918 2405 te
950 2368 1079 2404 esse
1110 2348 1439 2404 dictitasti?

1410 2437 1467 2486 St
1479 2511 1623 2581 quid
1641 2511 1748 2567 has
1766 2514 1985 2567 metuis
2004 2507 2199 2566 fores?

375 2600 716 2657 conclusam
745 2599 844 2654 hic
873 2598 1068 2653 habeo
1097 2615 1344 2653 uxorem
1376 2614 1626 2651 saevam.
1706 2613 1912 2650 verum
1942 2597 2091 2649 istoc

458 2703 557 2740 me
585 2702 830 2739 nomme

375 2787 448 2825 eo
470 2786 787 2837 perperam
811 2765 954 2820 olim
977 2763 1119 2832 dixi,
1144 2780 1223 2818 ne
1246 2780 1348 2817 vos
1373 2760 1528 2816 forte
1553 2758 1949 2828 inprudentes
1974 2757 2114 2813 foris

379 2848 724 2907 effuttiretis
737 2856 920 2916 atque
940 2846 1003 2901 id
1020 2864 1196 2915 porro
1214 2843 1412 2913 aliqua
1430 2861 1577 2898 uxor
1595 2861 1730 2896 mea
1748 2843 2114 2896 rescisceret.

369 2938 520 2990 istoc
570 2931 670 3002 pol
721 2950 830 2986 nos
880 2937 943 2985 te
994 2928 1092 2983 hic
1142 2930 1412 2982 invenire
1462 2929 1714 2980 miserae
1759 2942 2085 2992 numquam

454 3018 775 3085 potuimus,

370 3184 447 3234 82
