2404 3704
746 258 1101 316 PUBLIUS
1146 258 1506 314 TERENTI
1521 259 1616 315 US
1662 258 1880 314 AFER

192 379 313 434 alex.
456 377 764 435 Occidunt
794 397 891 433 me
923 375 1226 446 equidem,
1259 376 1404 432 dum
1440 380 1617 432 nimis
1655 383 1890 432 sanctas
1926 379 2166 444 nuptias

195 476 345 529 V.vii
455 473 708 530 student
738 472 937 528 facere
962 491 975 528 :
1020 476 1083 527 in
1113 471 1459 542 adparando
1490 478 1852 528 consumunt
1881 470 2059 527 diem.
2254 475 2374 534 900

196 571 404 626 Demea
456 569 599 639 quid
632 573 850 638 agitur,
882 567 1232 624 Aeschine?

191 667 314 724 1168.
1203 663 1401 733 ehem,
1433 671 1606 733 pater
1634 667 1737 732 mi,
1768 670 1834 719 tu
1867 663 1963 718 hic
1996 664 2167 718 eras?

196 763 404 818 Demea
456 770 591 817 tuos
622 760 827 816 hercle
859 779 999 816 vero
1024 767 1089 815 et
1117 764 1317 814 animo
1350 767 1414 814 et
1442 766 1657 814 natura
1687 766 1878 828 pater,

456 850 557 914 qui
589 852 651 900 te
676 851 839 899 amat
868 843 1002 914 plus
1026 862 1204 913 quam
1237 842 1415 898 hosce
1442 842 1658 898 oculos.
1735 841 1839 897 sed
1866 861 2016 911 quor
2044 859 2165 896 non

541 928 786 983 domum

462 1031 707 1066 uxorem
737 1014 989 1067 accersis
1012 1011 1035 1066 ?

193 1097 317 1151 Aea..
1032 1097 1207 1163 cupio
1230 1111 1244 1161 ;
1288 1111 1498 1148 verum
1527 1091 1640 1148 hoc
1670 1091 1818 1147 mihi
1847 1098 2125 1160 moraest,

457 1179 705 1233 tibicina
735 1184 800 1233 et
857 1176 1262 1247 hymenaeum
1293 1180 1395 1245 qui
1427 1182 1691 1231 cantent.

192 1261 404 1318 Demea
1695 1257 1830 1327 eh0,

453 1348 552 1399 vin
584 1351 650 1400 tu
684 1343 822 1399 huic
855 1347 982 1400 seni
1014 1342 1396 1399 auscultare?

191 1428 235 1483 Α
244 1449 314 1485 es,
1393 1424 1538 1495 quid
1561 1426 1582 1480 ?

190 1525 400 1580 Demea
1587 1524 1762 1576 missa
1793 1520 1940 1575 haec
1973 1520 2123 1590 face,

452 1606 856 1676 hymenaeum
886 1606 1090 1660 turbas
1123 1604 1429 1673 lampades
1460 1605 1758 1672 tibicinas,

451 1698 634 1758 atque
666 1689 821 1744 hanc
850 1693 913 1743 in
942 1687 1118 1744 horto
1146 1692 1466 1742 maceriam
1495 1688 1634 1742 iube
1664 1687 1817 1742 dirui

451 1780 744 1842 quantum
775 1779 978 1841 potest
1002 1791 1014 1827 ε
1044 1770 1156 1827 hac
1186 1771 1482 1837 transfer3
1512 1791 1693 1826 unam
1724 1770 1816 1825 fac
1846 1770 2126 1837 domum;

450 1856 698 1913 traduce
731 1863 795 1911 et
822 1863 1079 1911 matrem
1109 1861 1173 1911 et
1202 1853 1488 1909 familiam
1518 1873 1759 1909 omnem
1787 1853 1864 1909 ad
1894 1873 2016 1908 nos.
2253 1858 2371 1916 910

190 1942 312 1998 Aes.
1947 1936 2167 2005 placet,

450 2031 623 2094 pater
650 2021 1053 2092 lepidissume.

191 2108 398 2164 Demea
1064 2124 1239 2174 euge,
1269 2108 1387 2159 iam
1416 2103 1652 2173 lepidus
1682 2123 1872 2160 vocor.

450 2190 617 2245 fratri
648 2189 828 2245 aedes
859 2189 1008 2243 fient
1036 2192 1296 2257 perviae,
1326 2188 1564 2242 turbam
1594 2187 1837 2242 domum

446 2273 729 2341 adducet,
760 2280 1002 2341 sumptu
1032 2276 1276 2326 amittet
1305 2270 1530 2326 multa:
1562 2269 1706 2338 quid
1735 2271 1911 2325 mea?

449 2376 562 2426 ego
593 2355 827 2425 lepidus
856 2359 994 2410 ineo
1022 2359 1293 2423 gratiam.
1382 2354 1522 2408 iube
1552 2357 1831 2408 nunciam

447 2440 793 2495 dinumeret
822 2438 923 2493 ille
957 2437 1182 2506 Babylo
1212 2440 1427 2506 viginti
1456 2441 1662 2492 minaS.

448 2524 616 2593 Syre,
648 2542 838 2577 cessas
870 2527 952 2576 ire
984 2542 1051 2575 ac
1084 2520 1323 2576 facere?

180 2606 350 2677 Syrus
1303 2602 1449 2672 quid
1480 2604 1636 2673 ego?

179 2690 393 2747 Demea
1635 2685 1822 2742 dirue.

440 2779 510 2830 tu
540 2771 670 2828 illas
701 2772 796 2826 abi
829 2778 892 2827 et
923 2769 1186 2827 traduce.

181 2856 338 2913 Geta.
1189 2851 1251 2909 di
1279 2854 1411 2922 tibi,
1444 2852 1695 2921 Demea,

437 2939 596 2995 bene
627 2937 870 3006 faciant,
901 2956 1081 3006 quom
1111 2943 1175 2992 te
1205 2935 1381 2991 video
1411 2943 1650 2991 nostrae
1680 2935 1940 2990 familiae

434 3029 560 3078 tam
592 3041 664 3077 ex
695 3025 895 3076 animo
925 3020 1151 3076 factum
1182 3018 1353 3074 velle.

175 3105 383 3162 Demea
1342 3101 1556 3171 dignos
1586 3102 1940 3157 arbitror.—

435 3194 550 3243 312
